
      <record>
         <leader>00000nz  a2200169   4500</leader>
         <controlfield tag="001">30005639</controlfield>
         <controlfield tag="003">RISM</controlfield>
         <controlfield tag="005">20160216</controlfield>
         <controlfield tag="008">160216n||az|||||||##########||||||||||||</controlfield>
         <datafield tag="040" ind1=" " ind2=" ">
            <subfield code="a">D-Aab</subfield>
         </datafield>
         <datafield tag="043" ind1=" " ind2=" ">
            <subfield code="c">XA-DE</subfield>
         </datafield>
         <datafield tag="110" ind1="2" ind2=" ">
            <subfield code="a">Archiv des Bistums</subfield>
            <subfield code="c">Augsburg</subfield>
            <subfield code="g">D-Aab</subfield>
         </datafield>
         <datafield tag="410" ind1="2" ind2=" ">
            <subfield code="a">Diözesanarchiv</subfield>
         </datafield>
         <datafield tag="622" ind1=" " ind2=" ">
            <subfield code="e">Archiv des Bistums, Hafnerberg 2, 86152 Augsburg, Germany</subfield>
            <subfield code="u">http://goo.gl/NvmKxm</subfield>
         </datafield>
      </record>