
      <record>
         <leader>00000nz  a2200169   4500</leader>
         <controlfield tag="001">30000636</controlfield>
         <controlfield tag="003">RISM</controlfield>
         <controlfield tag="005">20160216</controlfield>
         <controlfield tag="008">160216n||az|||||||##########||||||||||||</controlfield>
         <datafield tag="040" ind1=" " ind2=" ">
            <subfield code="a">D-AAd</subfield>
         </datafield>
         <datafield tag="043" ind1=" " ind2=" ">
            <subfield code="c">XA-DE</subfield>
         </datafield>
         <datafield tag="110" ind1="2" ind2=" ">
            <subfield code="a">Diözesanbibliothek Aachen im Katechetischen Institut</subfield>
            <subfield code="c">Aachen</subfield>
            <subfield code="g">D-AAd</subfield>
         </datafield>
         <datafield tag="410" ind1="2" ind2=" ">
            <subfield code="a">Bischöfliche Diözesanbibliothek</subfield>
         </datafield>
         <datafield tag="622" ind1=" " ind2=" ">
            <subfield code="e">Diözesanbibliothek Aachen im, Katechetischen Institut, Eupener Str. 132, 52066 Aachen, Germany</subfield>
            <subfield code="u">http://www.dioezesanbibliothek-aachen.de/</subfield>
         </datafield>
      </record>