
      <record>
         <leader>00000nz  a2200169   4500</leader>
         <controlfield tag="001">30000637</controlfield>
         <controlfield tag="003">RISM</controlfield>
         <controlfield tag="005">20160216</controlfield>
         <controlfield tag="008">160216n||az|||||||##########||||||||||||</controlfield>
         <datafield tag="040" ind1=" " ind2=" ">
            <subfield code="a">D-AAg</subfield>
         </datafield>
         <datafield tag="043" ind1=" " ind2=" ">
            <subfield code="c">XA-DE</subfield>
         </datafield>
         <datafield tag="110" ind1="2" ind2=" ">
            <subfield code="a">Kaiser-Karls-Gymnasium, Lehrerbibliothek</subfield>
            <subfield code="c">Aachen</subfield>
            <subfield code="g">D-AAg</subfield>
         </datafield>
         <datafield tag="622" ind1=" " ind2=" ">
            <subfield code="e">Kaiser-Karls-Gymnasium, Lehrerbibliothek, Augustinerbach 2-7, 52062 Aachen, Germany</subfield>
            <subfield code="u">http://www.kaiser-karls-gymnasium.de/</subfield>
         </datafield>
      </record>