
      <record>
         <leader>00000nz  a2200169   4500</leader>
         <controlfield tag="001">30000640</controlfield>
         <controlfield tag="003">RISM</controlfield>
         <controlfield tag="005">20160216</controlfield>
         <controlfield tag="008">160216n||az|||||||##########||||||||||||</controlfield>
         <datafield tag="040" ind1=" " ind2=" ">
            <subfield code="a">D-AAL</subfield>
         </datafield>
         <datafield tag="043" ind1=" " ind2=" ">
            <subfield code="c">XA-DE</subfield>
         </datafield>
         <datafield tag="110" ind1="2" ind2=" ">
            <subfield code="a">Stadtarchiv mit Schubartsammlung</subfield>
            <subfield code="c">Aalen</subfield>
            <subfield code="g">D-AAL</subfield>
         </datafield>
         <datafield tag="622" ind1=" " ind2=" ">
            <subfield code="e">Stadtarchiv mit Schubartsammlung, Marktplatz 30, 73430 Aalen, Germany</subfield>
            <subfield code="u">http://www.aalen.de/schubartsammlung.819.25.htm</subfield>
         </datafield>
      </record>