
      <record>
         <leader>00000nz  a2200169   4500</leader>
         <controlfield tag="001">30006453</controlfield>
         <controlfield tag="003">RISM</controlfield>
         <controlfield tag="005">20160216</controlfield>
         <controlfield tag="008">160216n||az|||||||##########||||||||||||</controlfield>
         <datafield tag="040" ind1=" " ind2=" ">
            <subfield code="a">D-AAsa</subfield>
         </datafield>
         <datafield tag="043" ind1=" " ind2=" ">
            <subfield code="c">XA-DE</subfield>
         </datafield>
         <datafield tag="110" ind1="2" ind2=" ">
            <subfield code="a">Stadtarchiv</subfield>
            <subfield code="c">Aachen</subfield>
            <subfield code="g">D-AAsa</subfield>
         </datafield>
         <datafield tag="622" ind1=" " ind2=" ">
            <subfield code="e">Stadtarchiv, Nadelfabrik, Reichsweg 30, 52068 Aachen, Germany</subfield>
            <subfield code="u">http://www.aachen.de/de/kultur_freizeit/kultur/stadtarchiv/index.html</subfield>
         </datafield>
      </record>