
      <record>
         <leader>00000nz  a2200169   4500</leader>
         <controlfield tag="001">30000639</controlfield>
         <controlfield tag="003">RISM</controlfield>
         <controlfield tag="005">20160216</controlfield>
         <controlfield tag="008">160216n||az|||||||##########||||||||||||</controlfield>
         <datafield tag="040" ind1=" " ind2=" ">
            <subfield code="a">D-AAst</subfield>
         </datafield>
         <datafield tag="043" ind1=" " ind2=" ">
            <subfield code="c">XA-DE</subfield>
         </datafield>
         <datafield tag="110" ind1="2" ind2=" ">
            <subfield code="a">Stadtbibliothek, Musikbibliothek</subfield>
            <subfield code="c">Aachen</subfield>
            <subfield code="g">D-AAst</subfield>
         </datafield>
         <datafield tag="410" ind1="2" ind2=" ">
            <subfield code="a">Öffentliche Bibliothek, Musikbibliothek</subfield>
         </datafield>
         <datafield tag="622" ind1=" " ind2=" ">
            <subfield code="e">Stadtbibliothek, Musikbibliothek, Couvenstr. 15, 52062 Aachen, Germany</subfield>
            <subfield code="u">http://www.aachen.de/DE/stadt_buerger/bildung/oeffentliche_bibliothek/index.html</subfield>
         </datafield>
      </record>