
      <record>
         <leader>00000nz  a2200169   4500</leader>
         <controlfield tag="001">30000641</controlfield>
         <controlfield tag="003">RISM</controlfield>
         <controlfield tag="005">20160216</controlfield>
         <controlfield tag="008">160216n||az|||||||##########||||||||||||</controlfield>
         <datafield tag="040" ind1=" " ind2=" ">
            <subfield code="a">D-AB</subfield>
         </datafield>
         <datafield tag="043" ind1=" " ind2=" ">
            <subfield code="c">XA-DE</subfield>
         </datafield>
         <datafield tag="110" ind1="2" ind2=" ">
            <subfield code="a">Fürstlich Leiningensche Bibliothek</subfield>
            <subfield code="c">Amorbach</subfield>
            <subfield code="g">D-AB</subfield>
         </datafield>
         <datafield tag="622" ind1=" " ind2=" ">
            <subfield code="e">Fürstlich Leiningensche Bibliothek, Schlossplatz 1, 63916 Amorbach, Germany</subfield>
            <subfield code="u">http://www.fuerst-leiningen.de</subfield>
         </datafield>
      </record>