
      <record>
         <leader>00000nz  a2200169   4500</leader>
         <controlfield tag="001">30001066</controlfield>
         <controlfield tag="003">RISM</controlfield>
         <controlfield tag="005">20160216</controlfield>
         <controlfield tag="008">160216n||az|||||||##########||||||||||||</controlfield>
         <datafield tag="040" ind1=" " ind2=" ">
            <subfield code="a">D-ABGa</subfield>
         </datafield>
         <datafield tag="043" ind1=" " ind2=" ">
            <subfield code="c">XA-DE</subfield>
         </datafield>
         <datafield tag="110" ind1="2" ind2=" ">
            <subfield code="a">Evangelisch-Lutherische Kirchgemeinde, Kantoreiarchiv St. Annen</subfield>
            <subfield code="c">Annaberg-Bucholz</subfield>
            <subfield code="g">D-ABGa</subfield>
         </datafield>
         <datafield tag="622" ind1=" " ind2=" ">
            <subfield code="e">Evangelisch-Lutherische Kirchgemeinde,,  Kantoreiarchiv St. Annen, Kleine Kirchgasse 23, 09456 Annaberg-Buchholz, Germany</subfield>
            <subfield code="u">http://www.kirche-annaberg-buchholz.de/</subfield>
         </datafield>
      </record>