
      <record>
         <leader>00000nz  a2200169   4500</leader>
         <controlfield tag="001">30000642</controlfield>
         <controlfield tag="003">RISM</controlfield>
         <controlfield tag="005">20160216</controlfield>
         <controlfield tag="008">160216n||az|||||||##########||||||||||||</controlfield>
         <datafield tag="040" ind1=" " ind2=" ">
            <subfield code="a">D-AD</subfield>
         </datafield>
         <datafield tag="043" ind1=" " ind2=" ">
            <subfield code="c">XA-DE</subfield>
         </datafield>
         <datafield tag="110" ind1="2" ind2=" ">
            <subfield code="a">Schloss Fasanerie, Kulturstiftung des Hauses Hessen, Archiv und Bibliothek des Hauses Hessen</subfield>
            <subfield code="c">Eichenzell</subfield>
            <subfield code="g">D-AD</subfield>
         </datafield>
         <datafield tag="410" ind1="2" ind2=" ">
            <subfield code="a">Schloss Adolphseck, Archiv und Bibliothek</subfield>
         </datafield>
         <datafield tag="622" ind1=" " ind2=" ">
            <subfield code="e">Schloss Fasanerie, Kulturstiftung des,  Hauses Hessen, Archiv und Bibliothek,  des Hauses Hessen, 36124 Eichenzell, Germany</subfield>
            <subfield code="u">http://www.schloss-fasanerie.de</subfield>
         </datafield>
      </record>