
      <record>
         <leader>00000nz  a2200169   4500</leader>
         <controlfield tag="001">30006018</controlfield>
         <controlfield tag="003">RISM</controlfield>
         <controlfield tag="005">20160216</controlfield>
         <controlfield tag="008">160216n||az|||||||##########||||||||||||</controlfield>
         <datafield tag="040" ind1=" " ind2=" ">
            <subfield code="a">D-Admg</subfield>
         </datafield>
         <datafield tag="043" ind1=" " ind2=" ">
            <subfield code="c">XA-DE</subfield>
         </datafield>
         <datafield tag="110" ind1="2" ind2=" ">
            <subfield code="a">Deutsche Mozart-Gesellschaft e.V.</subfield>
            <subfield code="c">Augsburg</subfield>
            <subfield code="g">D-Admg</subfield>
         </datafield>
         <datafield tag="580" ind1=" " ind2=" ">
            <subfield code="x">D-As</subfield>
            <subfield code="0">30000634</subfield>
         </datafield>
         <datafield tag="622" ind1=" " ind2=" ">
            <subfield code="e">Deutsche Mozart-Gesellschaft e.V., Frauentorstr. 30, 86152 Augsburg, Germany</subfield>
            <subfield code="u">http://www.mozartgesellschaft.de</subfield>
         </datafield>
      </record>