
      <record>
         <leader>00000nz  a2200169   4500</leader>
         <controlfield tag="001">30003953</controlfield>
         <controlfield tag="003">RISM</controlfield>
         <controlfield tag="005">20160216</controlfield>
         <controlfield tag="008">160216n||az|||||||##########||||||||||||</controlfield>
         <datafield tag="040" ind1=" " ind2=" ">
            <subfield code="a">D-Ae</subfield>
         </datafield>
         <datafield tag="043" ind1=" " ind2=" ">
            <subfield code="c">XA-DE</subfield>
         </datafield>
         <datafield tag="110" ind1="2" ind2=" ">
            <subfield code="a">Evangelisch-Lutherische Gesamtkirchenverwaltung, Scholarchatsarchiv</subfield>
            <subfield code="c">Augsburg</subfield>
            <subfield code="g">D-Ae</subfield>
         </datafield>
         <datafield tag="580" ind1=" " ind2=" ">
            <subfield code="x">D-Asa</subfield>
            <subfield code="0">30000635</subfield>
         </datafield>
         <datafield tag="580" ind1=" " ind2=" ">
            <subfield code="x">D-As</subfield>
            <subfield code="0">30000634</subfield>
         </datafield>
      </record>