
      <record>
         <leader>00000nz  a2200169   4500</leader>
         <controlfield tag="001">30003252</controlfield>
         <controlfield tag="003">RISM</controlfield>
         <controlfield tag="005">20160216</controlfield>
         <controlfield tag="008">160216n||az|||||||##########||||||||||||</controlfield>
         <datafield tag="040" ind1=" " ind2=" ">
            <subfield code="a">D-Af</subfield>
         </datafield>
         <datafield tag="043" ind1=" " ind2=" ">
            <subfield code="c">XA-DE</subfield>
         </datafield>
         <datafield tag="110" ind1="2" ind2=" ">
            <subfield code="a">Fuggersche Domänenkanzlei, Bibliothek</subfield>
            <subfield code="c">Augsburg</subfield>
            <subfield code="g">D-Af</subfield>
         </datafield>
         <datafield tag="622" ind1=" " ind2=" ">
            <subfield code="e">Fuggersche Domänenkanzlei, Bibliothek, Fuggerei 56, 86152 Augsburg, Germany</subfield>
            <subfield code="u">http://www.fugger.de/home/</subfield>
         </datafield>
      </record>