
      <record>
         <leader>00000nz  a2200169   4500</leader>
         <controlfield tag="001">30000037</controlfield>
         <controlfield tag="003">RISM</controlfield>
         <controlfield tag="005">20160216</controlfield>
         <controlfield tag="008">160216n||az|||||||##########||||||||||||</controlfield>
         <datafield tag="040" ind1=" " ind2=" ">
            <subfield code="a">D-AG</subfield>
         </datafield>
         <datafield tag="043" ind1=" " ind2=" ">
            <subfield code="c">XA-DE</subfield>
         </datafield>
         <datafield tag="110" ind1="2" ind2=" ">
            <subfield code="a">Evangelisch-Lutherische Kirchgemeinde St. Petri, Musiksammlung</subfield>
            <subfield code="c">Augustusburg</subfield>
            <subfield code="g">D-AG</subfield>
         </datafield>
         <datafield tag="622" ind1=" " ind2=" ">
            <subfield code="e">Evangelisch-Lutherische Kirchgemeinde,  St. Petri, Musiksammlung, Pfarramt, Pfarrgasse 1, 09573 Augustusburg, Germany</subfield>
            <subfield code="u">http://www.kirche-augustusburg.de/</subfield>
         </datafield>
      </record>