
      <record>
         <leader>00000nz  a2200169   4500</leader>
         <controlfield tag="001">30002863</controlfield>
         <controlfield tag="003">RISM</controlfield>
         <controlfield tag="005">20160216</controlfield>
         <controlfield tag="008">160216n||az|||||||##########||||||||||||</controlfield>
         <datafield tag="040" ind1=" " ind2=" ">
            <subfield code="a">D-AHR</subfield>
         </datafield>
         <datafield tag="043" ind1=" " ind2=" ">
            <subfield code="c">XA-DE</subfield>
         </datafield>
         <datafield tag="110" ind1="2" ind2=" ">
            <subfield code="a">Evangelisches Pfarramt, Kirchenbibliothek</subfield>
            <subfield code="c">Ahrenshagen-Daskow</subfield>
            <subfield code="g">D-AHR</subfield>
         </datafield>
         <datafield tag="622" ind1=" " ind2=" ">
            <subfield code="e">Evangelisches Pfarramt,,  Kirchenbibliothek, Priesterei 5, 18320 Ahrenshagen-Daskow, Germany</subfield>
            <subfield code="u">http://www.ev-kirche-ahrenshagen.de/index.html</subfield>
         </datafield>
      </record>