
      <record>
         <leader>00000nz  a2200169   4500</leader>
         <controlfield tag="001">30006081</controlfield>
         <controlfield tag="003">RISM</controlfield>
         <controlfield tag="005">20160216</controlfield>
         <controlfield tag="008">160216n||az|||||||##########||||||||||||</controlfield>
         <datafield tag="040" ind1=" " ind2=" ">
            <subfield code="a">D-AIS</subfield>
         </datafield>
         <datafield tag="043" ind1=" " ind2=" ">
            <subfield code="c">XA-DE</subfield>
         </datafield>
         <datafield tag="110" ind1="2" ind2=" ">
            <subfield code="a">Katholische Pfarrkirche St. Laurentius</subfield>
            <subfield code="c">Aisch (Adelsdorf)</subfield>
            <subfield code="g">D-AIS</subfield>
         </datafield>
         <datafield tag="622" ind1=" " ind2=" ">
            <subfield code="e">Katholische Pfarrkirche St. Laurentius, Katholisches Pfarramt St. Stephanus und,  St. Laurentius, Hauptstraße 12, 91325 Adelsdorf, Germany</subfield>
            <subfield code="u">http://www.st-stephanus-adelsdorf.de/index.html</subfield>
         </datafield>
      </record>