
      <record>
         <leader>00000nz  a2200169   4500</leader>
         <controlfield tag="001">30006502</controlfield>
         <controlfield tag="003">RISM</controlfield>
         <controlfield tag="005">20160216</controlfield>
         <controlfield tag="008">160216n||az|||||||##########||||||||||||</controlfield>
         <datafield tag="040" ind1=" " ind2=" ">
            <subfield code="a">D-ALEst</subfield>
         </datafield>
         <datafield tag="043" ind1=" " ind2=" ">
            <subfield code="c">XA-DE</subfield>
         </datafield>
         <datafield tag="110" ind1="2" ind2=" ">
            <subfield code="a">St. Stephanikirche, Bibliothek</subfield>
            <subfield code="c">Aschersleben</subfield>
            <subfield code="g">D-ALEst</subfield>
         </datafield>
         <datafield tag="622" ind1=" " ind2=" ">
            <subfield code="e">St. Stephanikirche, Bibliothek, Evangelisches Kirchspiel Aschersleben, Stephanikirchhof 9, 06449 Aschersleben, Germany</subfield>
            <subfield code="u">https://kircheaschersleben.wordpress.com/</subfield>
         </datafield>
      </record>