
      <record>
         <leader>00000nz  a2200169   4500</leader>
         <controlfield tag="001">30061559</controlfield>
         <controlfield tag="003">RISM</controlfield>
         <controlfield tag="005">20160216</controlfield>
         <controlfield tag="008">160216n||az|||||||##########||||||||||||</controlfield>
         <datafield tag="040" ind1=" " ind2=" ">
            <subfield code="a">D-ALH</subfield>
         </datafield>
         <datafield tag="043" ind1=" " ind2=" ">
            <subfield code="c">XA-DE</subfield>
         </datafield>
         <datafield tag="110" ind1="2" ind2=" ">
            <subfield code="a">Kloster Holzen, Bibliothek</subfield>
            <subfield code="c">Allmannshofen</subfield>
            <subfield code="g">D-ALH</subfield>
         </datafield>
         <datafield tag="622" ind1=" " ind2=" ">
            <subfield code="e">Kloster Holzen, Bibliothek, c/o St. Josefskongregation Ursberg, 86695 Allmannshofen, Germany</subfield>
            <subfield code="u">https://fabian.sub.uni-goettingen.de/fabian?Kloster_Holzen</subfield>
         </datafield>
      </record>