
      <record>
         <leader>00000nz  a2200169   4500</leader>
         <controlfield tag="001">30002864</controlfield>
         <controlfield tag="003">RISM</controlfield>
         <controlfield tag="005">20160216</controlfield>
         <controlfield tag="008">160216n||az|||||||##########||||||||||||</controlfield>
         <datafield tag="040" ind1=" " ind2=" ">
            <subfield code="a">D-ALL</subfield>
         </datafield>
         <datafield tag="043" ind1=" " ind2=" ">
            <subfield code="c">XA-DE</subfield>
         </datafield>
         <datafield tag="110" ind1="2" ind2=" ">
            <subfield code="a">Evangelische Kirchengemeinde Allstedt, Pfarrarchiv</subfield>
            <subfield code="c">Allstedt</subfield>
            <subfield code="g">D-ALL</subfield>
         </datafield>
         <datafield tag="622" ind1=" " ind2=" ">
            <subfield code="e">Evangelische Kirchengemeinde Allstedt,,  Pfarrarchiv, Pfarramt Allstedt/ Wolferstedt, Kirchstraße 9, 06542 Allstedt, Germany</subfield>
            <subfield code="u">http://www.ekmd.de/kirche/kirchenkreise/1562.html?expanded=1655#1655</subfield>
         </datafield>
      </record>