
      <record>
         <leader>00000nz  a2200169   4500</leader>
         <controlfield tag="001">30000096</controlfield>
         <controlfield tag="003">RISM</controlfield>
         <controlfield tag="005">20160216</controlfield>
         <controlfield tag="008">160216n||az|||||||##########||||||||||||</controlfield>
         <datafield tag="040" ind1=" " ind2=" ">
            <subfield code="a">D-ALt</subfield>
         </datafield>
         <datafield tag="043" ind1=" " ind2=" ">
            <subfield code="c">XA-DE</subfield>
         </datafield>
         <datafield tag="110" ind1="2" ind2=" ">
            <subfield code="a">Landestheater, Bibliothek</subfield>
            <subfield code="c">Altenburg</subfield>
            <subfield code="g">D-ALt</subfield>
         </datafield>
         <datafield tag="622" ind1=" " ind2=" ">
            <subfield code="e">Landestheater, Bibliothek, Theaterplatz 19, 04600 Altenburg, Germany</subfield>
            <subfield code="u">http://www.theater-altenburg-gera.de</subfield>
         </datafield>
      </record>