
      <record>
         <leader>00000nz  a2200169   4500</leader>
         <controlfield tag="001">30004137</controlfield>
         <controlfield tag="003">RISM</controlfield>
         <controlfield tag="005">20160216</controlfield>
         <controlfield tag="008">160216n||az|||||||##########||||||||||||</controlfield>
         <datafield tag="040" ind1=" " ind2=" ">
            <subfield code="a">D-Am</subfield>
         </datafield>
         <datafield tag="043" ind1=" " ind2=" ">
            <subfield code="c">XA-DE</subfield>
         </datafield>
         <datafield tag="110" ind1="2" ind2=" ">
            <subfield code="a">Neue Stadtbücherei Augsburg, Musikbücherei</subfield>
            <subfield code="c">Augsburg</subfield>
            <subfield code="g">D-Am</subfield>
         </datafield>
         <datafield tag="410" ind1="2" ind2=" ">
            <subfield code="a">Stadtbücherei, Musikbücherei</subfield>
         </datafield>
         <datafield tag="622" ind1=" " ind2=" ">
            <subfield code="e">Neue Stadtbücherei Augsburg,,  Musikbücherei, Ernst-Reuter-Platz 1, 86150 Augsburg, Germany</subfield>
            <subfield code="u">http://www.stadtbuecherei.augsburg.de/</subfield>
         </datafield>
      </record>