
      <record>
         <leader>00000nz  a2200169   4500</leader>
         <controlfield tag="001">30061560</controlfield>
         <controlfield tag="003">RISM</controlfield>
         <controlfield tag="005">20160216</controlfield>
         <controlfield tag="008">160216n||az|||||||##########||||||||||||</controlfield>
         <datafield tag="040" ind1=" " ind2=" ">
            <subfield code="a">D-AMm</subfield>
         </datafield>
         <datafield tag="043" ind1=" " ind2=" ">
            <subfield code="c">XA-DE</subfield>
         </datafield>
         <datafield tag="110" ind1="2" ind2=" ">
            <subfield code="a">Kath. Pfarramt St. Martin</subfield>
            <subfield code="c">Amberg</subfield>
            <subfield code="g">D-AMm</subfield>
         </datafield>
         <datafield tag="410" ind1="2" ind2=" ">
            <subfield code="a">Stadtpfarrkirche St. Martin</subfield>
         </datafield>
         <datafield tag="622" ind1=" " ind2=" ">
            <subfield code="e">Kath. Pfarramt St. Martin, Rathausstr. 8, 92224 Amberg, Germany</subfield>
            <subfield code="u">http://www.amberg-st-martin.de/index.html</subfield>
         </datafield>
      </record>