
      <record>
         <leader>00000nz  a2200169   4500</leader>
         <controlfield tag="001">30000647</controlfield>
         <controlfield tag="003">RISM</controlfield>
         <controlfield tag="005">20160216</controlfield>
         <controlfield tag="008">160216n||az|||||||##########||||||||||||</controlfield>
         <datafield tag="040" ind1=" " ind2=" ">
            <subfield code="a">D-AN</subfield>
         </datafield>
         <datafield tag="043" ind1=" " ind2=" ">
            <subfield code="c">XA-DE</subfield>
         </datafield>
         <datafield tag="110" ind1="2" ind2=" ">
            <subfield code="a">Staatliche Bibliothek Ansbach, Schlossbibliothek</subfield>
            <subfield code="c">Ansbach</subfield>
            <subfield code="g">D-AN</subfield>
         </datafield>
         <datafield tag="410" ind1="2" ind2=" ">
            <subfield code="a">Regierungsbibliothek</subfield>
         </datafield>
         <datafield tag="622" ind1=" " ind2=" ">
            <subfield code="e">Staatliche Bibliothek Ansbach,,  Schlossbibliothek, Reitbahn 5, 91522 Ansbach, Germany</subfield>
            <subfield code="u">http://www.schlossbibliothek-ansbach.de/</subfield>
         </datafield>
      </record>