
      <record>
         <leader>00000nz  a2200169   4500</leader>
         <controlfield tag="001">30000649</controlfield>
         <controlfield tag="003">RISM</controlfield>
         <controlfield tag="005">20160216</controlfield>
         <controlfield tag="008">160216n||az|||||||##########||||||||||||</controlfield>
         <datafield tag="040" ind1=" " ind2=" ">
            <subfield code="a">D-AÖ</subfield>
         </datafield>
         <datafield tag="043" ind1=" " ind2=" ">
            <subfield code="c">XA-DE</subfield>
         </datafield>
         <datafield tag="110" ind1="2" ind2=" ">
            <subfield code="a">Kapuzinerkloster St. Konrad, Bibliothek</subfield>
            <subfield code="c">Altötting</subfield>
            <subfield code="g">D-AÖ</subfield>
         </datafield>
         <datafield tag="410" ind1="2" ind2=" ">
            <subfield code="a">Klosterkirche St. Anna</subfield>
         </datafield>
         <datafield tag="410" ind1="2" ind2=" ">
            <subfield code="a">Zentralbibliothek der Bayerischen Kapuzinerprovinz im Kloster St. Konrad</subfield>
         </datafield>
         <datafield tag="622" ind1=" " ind2=" ">
            <subfield code="e">Kapuzinerkloster St. Konrad, Bibliothek, Bruder-Konrad-Platz 5, 84503 Altötting, Germany</subfield>
            <subfield code="u">http://www.kapuziner.de/standorte/altoetting.html</subfield>
         </datafield>
      </record>