
      <record>
         <leader>00000nz  a2200169   4500</leader>
         <controlfield tag="001">30080608</controlfield>
         <controlfield tag="003">RISM</controlfield>
         <controlfield tag="005">20160216</controlfield>
         <controlfield tag="008">160216n||az|||||||##########||||||||||||</controlfield>
         <datafield tag="040" ind1=" " ind2=" ">
            <subfield code="a">D-AÖadk</subfield>
         </datafield>
         <datafield tag="043" ind1=" " ind2=" ">
            <subfield code="c">XA-DE</subfield>
         </datafield>
         <datafield tag="110" ind1="2" ind2=" ">
            <subfield code="a">Archiv der Deutschen Kapuzinerprovinz</subfield>
            <subfield code="c">Altötting</subfield>
            <subfield code="g">D-AÖadk</subfield>
         </datafield>
         <datafield tag="622" ind1=" " ind2=" ">
            <subfield code="e">Archiv der Deutschen Kapuzinerprovinz, Kapellplatz 9, 84503 Altötting, Germany</subfield>
            <subfield code="u">http://www.kapuziner.org/portal/</subfield>
         </datafield>
      </record>