
      <record>
         <leader>00000nz  a2200169   4500</leader>
         <controlfield tag="001">30003761</controlfield>
         <controlfield tag="003">RISM</controlfield>
         <controlfield tag="005">20160216</controlfield>
         <controlfield tag="008">160216n||az|||||||##########||||||||||||</controlfield>
         <datafield tag="040" ind1=" " ind2=" ">
            <subfield code="a">D-AÖhk</subfield>
         </datafield>
         <datafield tag="043" ind1=" " ind2=" ">
            <subfield code="c">XA-DE</subfield>
         </datafield>
         <datafield tag="110" ind1="2" ind2=" ">
            <subfield code="a">Heilige Kapelle</subfield>
            <subfield code="c">Altötting</subfield>
            <subfield code="g">D-AÖhk</subfield>
         </datafield>
         <datafield tag="410" ind1="2" ind2=" ">
            <subfield code="a">Gnadenkapelle</subfield>
         </datafield>
         <datafield tag="622" ind1=" " ind2=" ">
            <subfield code="e">Heilige Kapelle, Kapellplatz 4, 84509 Altötting, Germany</subfield>
         </datafield>
      </record>