
      <record>
         <leader>00000nz  a2200169   4500</leader>
         <controlfield tag="001">30079218</controlfield>
         <controlfield tag="003">RISM</controlfield>
         <controlfield tag="005">20160216</controlfield>
         <controlfield tag="008">160216n||az|||||||##########||||||||||||</controlfield>
         <datafield tag="040" ind1=" " ind2=" ">
            <subfield code="a">D-Apca</subfield>
         </datafield>
         <datafield tag="043" ind1=" " ind2=" ">
            <subfield code="c">XA-DE</subfield>
         </datafield>
         <datafield tag="110" ind1="2" ind2=" ">
            <subfield code="a">Philharmonischer Chor Augsburg, Archiv</subfield>
            <subfield code="c">Augsburg</subfield>
            <subfield code="g">D-Apca</subfield>
         </datafield>
         <datafield tag="622" ind1=" " ind2=" ">
            <subfield code="e">Philharmonischer Chor Augsburg, Archiv, Am Katharinenberg 6, 86356 Neusäß, Germany</subfield>
            <subfield code="u">http://www.philharmonischer-chor-augsburg.de/index.php/index.html</subfield>
         </datafield>
      </record>