
      <record>
         <leader>00000nz  a2200169   4500</leader>
         <controlfield tag="001">30080490</controlfield>
         <controlfield tag="003">RISM</controlfield>
         <controlfield tag="005">20160216</controlfield>
         <controlfield tag="008">160216n||az|||||||##########||||||||||||</controlfield>
         <datafield tag="040" ind1=" " ind2=" ">
            <subfield code="a">D-Apsh</subfield>
         </datafield>
         <datafield tag="043" ind1=" " ind2=" ">
            <subfield code="c">XA-DE</subfield>
         </datafield>
         <datafield tag="110" ind1="2" ind2=" ">
            <subfield code="a">Priesterseminar St. Hieronymus</subfield>
            <subfield code="c">Augsburg</subfield>
            <subfield code="g">D-Apsh</subfield>
         </datafield>
         <datafield tag="622" ind1=" " ind2=" ">
            <subfield code="e">Priesterseminar St. Hieronymus, Stauffenbergstraße 8, 86161 Augsburg, Germany</subfield>
            <subfield code="u">http://www.priesterseminar-augsburg.de/</subfield>
         </datafield>
      </record>