
      <record>
         <leader>00000nz  a2200169   4500</leader>
         <controlfield tag="001">30003762</controlfield>
         <controlfield tag="003">RISM</controlfield>
         <controlfield tag="005">20160216</controlfield>
         <controlfield tag="008">160216n||az|||||||##########||||||||||||</controlfield>
         <datafield tag="040" ind1=" " ind2=" ">
            <subfield code="a">D-APSp</subfield>
         </datafield>
         <datafield tag="043" ind1=" " ind2=" ">
            <subfield code="c">XA-DE</subfield>
         </datafield>
         <datafield tag="110" ind1="2" ind2=" ">
            <subfield code="a">Evangelisch-Lutherische Kirchgemeinde Apfelstädt, Pfarrarchiv</subfield>
            <subfield code="c">Apfelstädt (Nesse-Apfelstädt)</subfield>
            <subfield code="g">D-APSp</subfield>
         </datafield>
         <datafield tag="622" ind1=" " ind2=" ">
            <subfield code="e">Evangelisch-Lutherische Kirchgemeinde,  Apfelstädt, Pfarrarchiv, Pfarramt, Kirchgasse 4, 99192 Apfelstädt (Nesse-Apfelstädt), Germany</subfield>
            <subfield code="u">http://www.pfarramt-apfelstaedt.de/index.php?seite=startseite</subfield>
         </datafield>
      </record>