
      <record>
         <leader>00000nz  a2200169   4500</leader>
         <controlfield tag="001">30001067</controlfield>
         <controlfield tag="003">RISM</controlfield>
         <controlfield tag="005">20160216</controlfield>
         <controlfield tag="008">160216n||az|||||||##########||||||||||||</controlfield>
         <datafield tag="040" ind1=" " ind2=" ">
            <subfield code="a">D-ARap</subfield>
         </datafield>
         <datafield tag="043" ind1=" " ind2=" ">
            <subfield code="c">XA-DE</subfield>
         </datafield>
         <datafield tag="110" ind1="2" ind2=" ">
            <subfield code="a">Evangelisch-Lutherische Kirchengemeinde Angelhausen-Oberndorf, Pfarrarchiv</subfield>
            <subfield code="c">Arnstadt</subfield>
            <subfield code="g">D-ARap</subfield>
         </datafield>
         <datafield tag="622" ind1=" " ind2=" ">
            <subfield code="e">Evangelisch-Lutherische Kirchengemeinde,  Angelhausen-Oberndorf, Pfarrarchiv, Am Vorwerk 1, 99310 Arnstadt, Germany</subfield>
            <subfield code="u">http://www.kirche-angelhausen-oberndorf.de/</subfield>
         </datafield>
      </record>