
      <record>
         <leader>00000nz  a2200169   4500</leader>
         <controlfield tag="001">30006368</controlfield>
         <controlfield tag="003">RISM</controlfield>
         <controlfield tag="005">20160216</controlfield>
         <controlfield tag="008">160216n||az|||||||##########||||||||||||</controlfield>
         <datafield tag="040" ind1=" " ind2=" ">
            <subfield code="a">D-AROh</subfield>
         </datafield>
         <datafield tag="043" ind1=" " ind2=" ">
            <subfield code="c">XA-DE</subfield>
         </datafield>
         <datafield tag="110" ind1="2" ind2=" ">
            <subfield code="a">Fürstlich Waldecksche Hofbibliothek</subfield>
            <subfield code="c">Bad Arolsen</subfield>
            <subfield code="g">D-AROh</subfield>
         </datafield>
         <datafield tag="622" ind1=" " ind2=" ">
            <subfield code="e">Fürstlich Waldecksche Hofbibliothek, Schlossstr. 27, 34454 Bad Arolsen, Germany</subfield>
            <subfield code="u">http://staff-www.uni-marburg.de/~wolf2/Waldeck/startseite-hofbibliothek.html</subfield>
         </datafield>
      </record>