
      <record>
         <leader>00000nz  a2200169   4500</leader>
         <controlfield tag="001">30001071</controlfield>
         <controlfield tag="003">RISM</controlfield>
         <controlfield tag="005">20160216</controlfield>
         <controlfield tag="008">160216n||az|||||||##########||||||||||||</controlfield>
         <datafield tag="040" ind1=" " ind2=" ">
            <subfield code="a">D-ARsk</subfield>
         </datafield>
         <datafield tag="043" ind1=" " ind2=" ">
            <subfield code="c">XA-DE</subfield>
         </datafield>
         <datafield tag="110" ind1="2" ind2=" ">
            <subfield code="a">Stadt- und Kreisbibliothek</subfield>
            <subfield code="c">Arnstadt</subfield>
            <subfield code="g">D-ARsk</subfield>
         </datafield>
         <datafield tag="622" ind1=" " ind2=" ">
            <subfield code="e">Stadt- und Kreisbibliothek, An der Liebfrauenkirche 2, 99310 Arnstadt, Germany</subfield>
            <subfield code="u">http://kulturbetrieb.arnstadt.de/cms/bibliothek.html</subfield>
         </datafield>
      </record>