
      <record>
         <leader>00000nz  a2200169   4500</leader>
         <controlfield tag="001">30000634</controlfield>
         <controlfield tag="003">RISM</controlfield>
         <controlfield tag="005">20160216</controlfield>
         <controlfield tag="008">160216n||az|||||||##########||||||||||||</controlfield>
         <datafield tag="040" ind1=" " ind2=" ">
            <subfield code="a">D-As</subfield>
         </datafield>
         <datafield tag="043" ind1=" " ind2=" ">
            <subfield code="c">XA-DE</subfield>
         </datafield>
         <datafield tag="110" ind1="2" ind2=" ">
            <subfield code="a">Staats- und Stadtbibliothek</subfield>
            <subfield code="c">Augsburg</subfield>
            <subfield code="g">D-As</subfield>
         </datafield>
         <datafield tag="410" ind1="2" ind2=" ">
            <subfield code="a">Kreis- und Stadtbibliothek</subfield>
         </datafield>
         <datafield tag="622" ind1=" " ind2=" ">
            <subfield code="e">Staats- und Stadtbibliothek, Schaezlerstraße 25, 86152 Augsburg, Germany</subfield>
            <subfield code="u">http://www.sustb-augsburg.de/index.php?id=50</subfield>
         </datafield>
      </record>