
      <record>
         <leader>00000nz  a2200169   4500</leader>
         <controlfield tag="001">30000653</controlfield>
         <controlfield tag="003">RISM</controlfield>
         <controlfield tag="005">20160216</controlfield>
         <controlfield tag="008">160216n||az|||||||##########||||||||||||</controlfield>
         <datafield tag="040" ind1=" " ind2=" ">
            <subfield code="a">D-ASm</subfield>
         </datafield>
         <datafield tag="043" ind1=" " ind2=" ">
            <subfield code="c">XA-DE</subfield>
         </datafield>
         <datafield tag="110" ind1="2" ind2=" ">
            <subfield code="a">Städtische Musikschule, Musikbibliothek</subfield>
            <subfield code="c">Aschaffenburg</subfield>
            <subfield code="g">D-ASm</subfield>
         </datafield>
         <datafield tag="410" ind1="2" ind2=" ">
            <subfield code="a">Stadtbücherei</subfield>
         </datafield>
         <datafield tag="622" ind1=" " ind2=" ">
            <subfield code="e">Städtische Musikschule, Musikbibliothek, Kochstr. 8, 63739 Aschaffenburg, Germany</subfield>
            <subfield code="u">http://goo.gl/ePcpLp</subfield>
         </datafield>
      </record>