
      <record>
         <leader>00000nz  a2200169   4500</leader>
         <controlfield tag="001">30000654</controlfield>
         <controlfield tag="003">RISM</controlfield>
         <controlfield tag="005">20160216</controlfield>
         <controlfield tag="008">160216n||az|||||||##########||||||||||||</controlfield>
         <datafield tag="040" ind1=" " ind2=" ">
            <subfield code="a">D-ASsb</subfield>
         </datafield>
         <datafield tag="043" ind1=" " ind2=" ">
            <subfield code="c">XA-DE</subfield>
         </datafield>
         <datafield tag="110" ind1="2" ind2=" ">
            <subfield code="a">Schloss Johannisburg, Stiftsbibliothek</subfield>
            <subfield code="c">Aschaffenburg</subfield>
            <subfield code="g">D-ASsb</subfield>
         </datafield>
         <datafield tag="410" ind1="2" ind2=" ">
            <subfield code="a">Stiftsarchivbibliothek</subfield>
         </datafield>
         <datafield tag="622" ind1=" " ind2=" ">
            <subfield code="e">Schloss Johannisburg, Stiftsbibliothek, Schlossplatz 4, 63739 Aschaffenburg, Germany</subfield>
            <subfield code="u">http://www.hofbibliothek-ab.de/</subfield>
         </datafield>
      </record>