
      <record>
         <leader>00000nz  a2200169   4500</leader>
         <controlfield tag="001">30078081</controlfield>
         <controlfield tag="003">RISM</controlfield>
         <controlfield tag="005">20160216</controlfield>
         <controlfield tag="008">160216n||az|||||||##########||||||||||||</controlfield>
         <datafield tag="040" ind1=" " ind2=" ">
            <subfield code="a">D-ASsgb</subfield>
         </datafield>
         <datafield tag="043" ind1=" " ind2=" ">
            <subfield code="c">XA-DE</subfield>
         </datafield>
         <datafield tag="110" ind1="2" ind2=" ">
            <subfield code="a">Johann Franz Xaver Sterkel-Gesellschaft e. V.</subfield>
            <subfield code="c">Aschaffenburg</subfield>
            <subfield code="g">D-ASsgb</subfield>
         </datafield>
         <datafield tag="622" ind1=" " ind2=" ">
            <subfield code="e">Johann Franz Xaver Sterkel-Gesellschaft, c/o Dr. Joachim Fischer, Am Aschenweg 27, 63869 Heigenbrücken, Germany</subfield>
            <subfield code="u">http://sterkel-gesellschaft.org/</subfield>
         </datafield>
      </record>