
      <record>
         <leader>00000nz  a2200169   4500</leader>
         <controlfield tag="001">30002722</controlfield>
         <controlfield tag="003">RISM</controlfield>
         <controlfield tag="005">20160216</controlfield>
         <controlfield tag="008">160216n||az|||||||##########||||||||||||</controlfield>
         <datafield tag="040" ind1=" " ind2=" ">
            <subfield code="a">D-AU</subfield>
         </datafield>
         <datafield tag="043" ind1=" " ind2=" ">
            <subfield code="c">XA-DE</subfield>
         </datafield>
         <datafield tag="110" ind1="2" ind2=" ">
            <subfield code="a">Niedersächsisches Landesarchiv - Standort Aurich</subfield>
            <subfield code="c">Aurich</subfield>
            <subfield code="g">D-AU</subfield>
         </datafield>
         <datafield tag="410" ind1="2" ind2=" ">
            <subfield code="a">Niedersächsisches Staatsarchiv</subfield>
         </datafield>
         <datafield tag="622" ind1=" " ind2=" ">
            <subfield code="e">Niedersächsisches Landesarchiv -,  Standort Aurich, Oldersumer Str. 50, 26603 Aurich, Germany</subfield>
            <subfield code="u">http://www.nla.niedersachsen.de/startseite/standorte/standort_aurich/standort-aurich-134234.html</subfield>
         </datafield>
      </record>