
      <record>
         <leader>00000nz  a2200169   4500</leader>
         <controlfield tag="001">30076674</controlfield>
         <controlfield tag="003">RISM</controlfield>
         <controlfield tag="005">20160216</controlfield>
         <controlfield tag="008">160216n||az|||||||##########||||||||||||</controlfield>
         <datafield tag="040" ind1=" " ind2=" ">
            <subfield code="a">D-AUlb</subfield>
         </datafield>
         <datafield tag="043" ind1=" " ind2=" ">
            <subfield code="c">XA-DE</subfield>
         </datafield>
         <datafield tag="110" ind1="2" ind2=" ">
            <subfield code="a">Landschaftsbibliothek</subfield>
            <subfield code="c">Aurich</subfield>
            <subfield code="g">D-AUlb</subfield>
         </datafield>
         <datafield tag="622" ind1=" " ind2=" ">
            <subfield code="e">Landschaftsbibliothek, Fischteichweg 16, 26603 Aurich, Germany</subfield>
            <subfield code="u">http://goo.gl/aPC5z0</subfield>
         </datafield>
      </record>