
      <record>
         <leader>00000nz  a2200169   4500</leader>
         <controlfield tag="001">30001073</controlfield>
         <controlfield tag="003">RISM</controlfield>
         <controlfield tag="005">20160216</controlfield>
         <controlfield tag="008">160216n||az|||||||##########||||||||||||</controlfield>
         <datafield tag="040" ind1=" " ind2=" ">
            <subfield code="a">D-AUM</subfield>
         </datafield>
         <datafield tag="043" ind1=" " ind2=" ">
            <subfield code="c">XA-DE</subfield>
         </datafield>
         <datafield tag="110" ind1="2" ind2=" ">
            <subfield code="a">Evangelisch-Lutherisches Pfarramt, Pfarrarchiv</subfield>
            <subfield code="c">Auma</subfield>
            <subfield code="g">D-AUM</subfield>
         </datafield>
         <datafield tag="622" ind1=" " ind2=" ">
            <subfield code="e">Evangelisch-Lutherisches Pfarramt,,  Pfarrarchiv, Dr.-M.-Luther-Str. 6, 07955 Auma, Germany</subfield>
            <subfield code="u">http://www.kirchenkreis-greiz.de/kirchenkreis/gemeinden/auma.html</subfield>
         </datafield>
      </record>