
      <record>
         <leader>00000nz  a2200169   4500</leader>
         <controlfield tag="001">30003772</controlfield>
         <controlfield tag="003">RISM</controlfield>
         <controlfield tag="005">20160216</controlfield>
         <controlfield tag="008">160216n||az|||||||##########||||||||||||</controlfield>
         <datafield tag="040" ind1=" " ind2=" ">
            <subfield code="a">D-AZp</subfield>
         </datafield>
         <datafield tag="043" ind1=" " ind2=" ">
            <subfield code="c">XA-DE</subfield>
         </datafield>
         <datafield tag="110" ind1="2" ind2=" ">
            <subfield code="a">Evangelisch-Lutherische Kirchengemeinde, Pfarrarchiv</subfield>
            <subfield code="c">Erfurt-Azmannsdorf</subfield>
            <subfield code="g">D-AZp</subfield>
         </datafield>
         <datafield tag="622" ind1=" " ind2=" ">
            <subfield code="e">Evangelisch-Lutherische Kirchengemeinde,,  Pfarrarchiv, Pfarrhaus, Kirchstraße 12, 99198 Erfurt-Azmannsdorf, Germany</subfield>
            <subfield code="u">http://goo.gl/twFxwu</subfield>
         </datafield>
      </record>