
      <record>
         <leader>00000nz  a2200169   4500</leader>
         <controlfield tag="001">30000655</controlfield>
         <controlfield tag="003">RISM</controlfield>
         <controlfield tag="005">20160216</controlfield>
         <controlfield tag="008">160216n||az|||||||##########||||||||||||</controlfield>
         <datafield tag="040" ind1=" " ind2=" ">
            <subfield code="a">D-B</subfield>
         </datafield>
         <datafield tag="043" ind1=" " ind2=" ">
            <subfield code="c">XA-DE</subfield>
         </datafield>
         <datafield tag="110" ind1="2" ind2=" ">
            <subfield code="a">Staatsbibliothek zu Berlin - Preußischer Kulturbesitz, Musikabteilung</subfield>
            <subfield code="c">Berlin</subfield>
            <subfield code="g">D-B</subfield>
         </datafield>
         <datafield tag="410" ind1="2" ind2=" ">
            <subfield code="a">Stiftung Preußischer Kulturbesitz</subfield>
         </datafield>
         <datafield tag="622" ind1=" " ind2=" ">
            <subfield code="e">Staatsbibliothek zu Berlin - Preußischer,  Kulturbesitz, Musikabteilung, Unter den Linden 8, 10117 Berlin, Germany</subfield>
            <subfield code="u">http://staatsbibliothek-berlin.de/</subfield>
         </datafield>
         <datafield tag="710" ind1="2" ind2=" ">
            <subfield code="a">Sammlung Wernigerode (Gräflich Stolbergische Bibliothek)</subfield>
            <subfield code="0">30060871</subfield>
         </datafield>
         <datafield tag="710" ind1="2" ind2=" ">
            <subfield code="a">Schott Music GmbH &amp; Co. KG, Verlagsarchiv</subfield>
            <subfield code="0">30000931</subfield>
         </datafield>
      </record>