
      <record>
         <leader>00000nz  a2200169   4500</leader>
         <controlfield tag="001">30061561</controlfield>
         <controlfield tag="003">RISM</controlfield>
         <controlfield tag="005">20160216</controlfield>
         <controlfield tag="008">160216n||az|||||||##########||||||||||||</controlfield>
         <datafield tag="040" ind1=" " ind2=" ">
            <subfield code="a">D-BAd</subfield>
         </datafield>
         <datafield tag="043" ind1=" " ind2=" ">
            <subfield code="c">XA-DE</subfield>
         </datafield>
         <datafield tag="110" ind1="2" ind2=" ">
            <subfield code="a">Archiv des Erzbistums Bamberg, Diözesanarchiv</subfield>
            <subfield code="c">Bamberg</subfield>
            <subfield code="g">D-BAd</subfield>
         </datafield>
         <datafield tag="622" ind1=" " ind2=" ">
            <subfield code="e">Archiv des Erzbistums Bamberg,,  Diözesanarchiv, Regensburger Ring 2, 96047 Bamberg, Germany</subfield>
            <subfield code="u">http://archiv.kirche-bamberg.de/</subfield>
         </datafield>
      </record>