
      <record>
         <leader>00000nz  a2200169   4500</leader>
         <controlfield tag="001">30002729</controlfield>
         <controlfield tag="003">RISM</controlfield>
         <controlfield tag="005">20160216</controlfield>
         <controlfield tag="008">160216n||az|||||||##########||||||||||||</controlfield>
         <datafield tag="040" ind1=" " ind2=" ">
            <subfield code="a">D-BAk</subfield>
         </datafield>
         <datafield tag="043" ind1=" " ind2=" ">
            <subfield code="c">XA-DE</subfield>
         </datafield>
         <datafield tag="110" ind1="2" ind2=" ">
            <subfield code="a">Metropolitankapitel, Bibliothek</subfield>
            <subfield code="c">Bamberg</subfield>
            <subfield code="g">D-BAk</subfield>
         </datafield>
         <datafield tag="410" ind1="2" ind2=" ">
            <subfield code="a">Kapitelbibliothek</subfield>
         </datafield>
         <datafield tag="410" ind1="2" ind2=" ">
            <subfield code="a">Früher: Diözesanmuseum</subfield>
         </datafield>
         <datafield tag="622" ind1=" " ind2=" ">
            <subfield code="e">Metropolitankapitel, Bibliothek, Domplatz 2, 96049 Bamberg, Germany</subfield>
            <subfield code="u">http://bibliotheken.kirche-bamberg.de/seiten/index.html</subfield>
         </datafield>
      </record>