
      <record>
         <leader>00000nz  a2200169   4500</leader>
         <controlfield tag="001">30001087</controlfield>
         <controlfield tag="003">RISM</controlfield>
         <controlfield tag="005">20160216</controlfield>
         <controlfield tag="008">160216n||az|||||||##########||||||||||||</controlfield>
         <datafield tag="040" ind1=" " ind2=" ">
            <subfield code="a">D-BAL</subfield>
         </datafield>
         <datafield tag="043" ind1=" " ind2=" ">
            <subfield code="c">XA-DE</subfield>
         </datafield>
         <datafield tag="110" ind1="2" ind2=" ">
            <subfield code="a">Fürstin-Pauline-Bibliothek</subfield>
            <subfield code="c">Ballenstedt</subfield>
            <subfield code="g">D-BAL</subfield>
         </datafield>
         <datafield tag="410" ind1="2" ind2=" ">
            <subfield code="a">Stadtbibliothek</subfield>
         </datafield>
         <datafield tag="622" ind1=" " ind2=" ">
            <subfield code="e">Fürstin-Pauline-Bibliothek, Alter Markt 9, 06493 Ballenstedt, Germany</subfield>
            <subfield code="u">http://www.bibliothek-ballenstedt.de/index.html</subfield>
         </datafield>
      </record>