
      <record>
         <leader>00000nz  a2200169   4500</leader>
         <controlfield tag="001">30000671</controlfield>
         <controlfield tag="003">RISM</controlfield>
         <controlfield tag="005">20160216</controlfield>
         <controlfield tag="008">160216n||az|||||||##########||||||||||||</controlfield>
         <datafield tag="040" ind1=" " ind2=" ">
            <subfield code="a">D-BAs</subfield>
         </datafield>
         <datafield tag="043" ind1=" " ind2=" ">
            <subfield code="c">XA-DE</subfield>
         </datafield>
         <datafield tag="110" ind1="2" ind2=" ">
            <subfield code="a">Staatsbibliothek</subfield>
            <subfield code="c">Bamberg</subfield>
            <subfield code="g">D-BAs</subfield>
         </datafield>
         <datafield tag="622" ind1=" " ind2=" ">
            <subfield code="e">Staatsbibliothek, Neue Residenz, Domplatz 8, 96049 Bamberg, Germany</subfield>
            <subfield code="u">http://www.staatsbibliothek-bamberg.de/</subfield>
         </datafield>
      </record>