
      <record>
         <leader>00000nz  a2200169   4500</leader>
         <controlfield tag="001">30001086</controlfield>
         <controlfield tag="003">RISM</controlfield>
         <controlfield tag="005">20160216</controlfield>
         <controlfield tag="008">160216n||az|||||||##########||||||||||||</controlfield>
         <datafield tag="040" ind1=" " ind2=" ">
            <subfield code="a">D-BASp</subfield>
         </datafield>
         <datafield tag="043" ind1=" " ind2=" ">
            <subfield code="c">XA-DE</subfield>
         </datafield>
         <datafield tag="110" ind1="2" ind2=" ">
            <subfield code="a">Evangelische St.-Petri-Kirche, Pfarrarchiv</subfield>
            <subfield code="c">Ballstädt</subfield>
            <subfield code="g">D-BASp</subfield>
         </datafield>
         <datafield tag="622" ind1=" " ind2=" ">
            <subfield code="e">Evangelische St.-Petri-Kirche,,  Pfarrarchiv, c/o Pfarrstelle Molschleben, Kirchplatz 6, 99869 Molschleben, Germany</subfield>
            <subfield code="u">http://goo.gl/YPjMpJ</subfield>
         </datafield>
      </record>