
      <record>
         <leader>00000nz  a2200169   4500</leader>
         <controlfield tag="001">30004577</controlfield>
         <controlfield tag="003">RISM</controlfield>
         <controlfield tag="005">20160216</controlfield>
         <controlfield tag="008">160216n||az|||||||##########||||||||||||</controlfield>
         <datafield tag="040" ind1=" " ind2=" ">
            <subfield code="a">D-BAUm</subfield>
         </datafield>
         <datafield tag="043" ind1=" " ind2=" ">
            <subfield code="c">XA-DE</subfield>
         </datafield>
         <datafield tag="110" ind1="2" ind2=" ">
            <subfield code="a">Museum</subfield>
            <subfield code="c">Bautzen</subfield>
            <subfield code="g">D-BAUm</subfield>
         </datafield>
         <datafield tag="410" ind1="2" ind2=" ">
            <subfield code="a">Stadtmuseum</subfield>
         </datafield>
         <datafield tag="622" ind1=" " ind2=" ">
            <subfield code="e">Museum, Kornmarkt 1, 02625 Bautzen, Germany</subfield>
            <subfield code="u">http://www.bautzen.de/museum-bautzen.asp</subfield>
         </datafield>
      </record>