
      <record>
         <leader>00000nz  a2200169   4500</leader>
         <controlfield tag="001">30006394</controlfield>
         <controlfield tag="003">RISM</controlfield>
         <controlfield tag="005">20160216</controlfield>
         <controlfield tag="008">160216n||az|||||||##########||||||||||||</controlfield>
         <datafield tag="040" ind1=" " ind2=" ">
            <subfield code="a">D-BBAb</subfield>
         </datafield>
         <datafield tag="043" ind1=" " ind2=" ">
            <subfield code="c">XA-DE</subfield>
         </datafield>
         <datafield tag="110" ind1="2" ind2=" ">
            <subfield code="a">Bergmannsbauern-Museum</subfield>
            <subfield code="c">Breitenbach</subfield>
            <subfield code="g">D-BBAb</subfield>
         </datafield>
         <datafield tag="622" ind1=" " ind2=" ">
            <subfield code="e">Bergmannsbauern-Museum, Waldmohrer Straße 32, 66916 Breitenbach, Germany</subfield>
            <subfield code="u">http://www.waldmohr.de/bbm/</subfield>
         </datafield>
      </record>