
      <record>
         <leader>00000nz  a2200169   4500</leader>
         <controlfield tag="001">39612</controlfield>
         <controlfield tag="003">RISM</controlfield>
         <controlfield tag="005">20160216</controlfield>
         <controlfield tag="008">160216n||az|||||||##########||||||||||||</controlfield>
         <datafield tag="040" ind1=" " ind2=" ">
            <subfield code="a">D-Bbbf</subfield>
         </datafield>
         <datafield tag="043" ind1=" " ind2=" ">
            <subfield code="c">XA-DE</subfield>
         </datafield>
         <datafield tag="110" ind1="2" ind2=" ">
            <subfield code="a">Bibliothek für Bildungsgeschichtliche Forschung</subfield>
            <subfield code="c">Berlin</subfield>
            <subfield code="g">D-Bbbf</subfield>
         </datafield>
         <datafield tag="410" ind1="2" ind2=" ">
            <subfield code="a">Deutsches Institut für Internationale Pädagogische Forschung</subfield>
         </datafield>
         <datafield tag="622" ind1=" " ind2=" ">
            <subfield code="e">Bibliothek für Bildungsgeschichtliche,  Forschung, Warschauer Str. 34-38, 10243 Berlin, Germany</subfield>
            <subfield code="u">http://bbf.dipf.de/de</subfield>
         </datafield>
      </record>