
      <record>
         <leader>00000nz  a2200169   4500</leader>
         <controlfield tag="001">30078266</controlfield>
         <controlfield tag="003">RISM</controlfield>
         <controlfield tag="005">20160216</controlfield>
         <controlfield tag="008">160216n||az|||||||##########||||||||||||</controlfield>
         <datafield tag="040" ind1=" " ind2=" ">
            <subfield code="a">D-BBM</subfield>
         </datafield>
         <datafield tag="043" ind1=" " ind2=" ">
            <subfield code="c">XA-DE</subfield>
         </datafield>
         <datafield tag="110" ind1="2" ind2=" ">
            <subfield code="a">Kloster Medingen St. Mauritius, Archiv</subfield>
            <subfield code="c">Bad Bevensen-Medingen</subfield>
            <subfield code="g">D-BBM</subfield>
         </datafield>
         <datafield tag="622" ind1=" " ind2=" ">
            <subfield code="e">Kloster Medingen St. Mauritius, Archiv, Klosterweg 1, 29549 Bad Bevensen-Medingen, Germany</subfield>
            <subfield code="u">http://www.kloster-medingen.de</subfield>
         </datafield>
      </record>