
      <record>
         <leader>00000nz  a2200169   4500</leader>
         <controlfield tag="001">30000657</controlfield>
         <controlfield tag="003">RISM</controlfield>
         <controlfield tag="005">20160216</controlfield>
         <controlfield tag="008">160216n||az|||||||##########||||||||||||</controlfield>
         <datafield tag="040" ind1=" " ind2=" ">
            <subfield code="a">D-Bch</subfield>
         </datafield>
         <datafield tag="043" ind1=" " ind2=" ">
            <subfield code="c">XA-DE</subfield>
         </datafield>
         <datafield tag="110" ind1="2" ind2=" ">
            <subfield code="a">Stadtbibliothek Charlottenburg-Wilmersdorf, Bezirkszentralbibliothek Heinrich-Schulz-Bibliothek mit Musikbibliothek</subfield>
            <subfield code="c">Berlin</subfield>
            <subfield code="g">D-Bch</subfield>
         </datafield>
         <datafield tag="410" ind1="2" ind2=" ">
            <subfield code="a">Musikbücherei Charlottenburg</subfield>
         </datafield>
         <datafield tag="410" ind1="2" ind2=" ">
            <subfield code="a">Musikbibliothek Charlottenburg</subfield>
         </datafield>
         <datafield tag="622" ind1=" " ind2=" ">
            <subfield code="e">Stadtbibliothek,  Charlottenburg-Wilmersdorf,,  Bezirkszentralbibliothek,  Heinrich-Schulz-Bibliothek mit,  Musikbibliothek, Rathaus Charlottenburg, Otto-Suhr-Allee 96, 10585 Berlin, Germany</subfield>
            <subfield code="u">http://goo.gl/PbqWnV</subfield>
         </datafield>
      </record>