
      <record>
         <leader>00000nz  a2200169   4500</leader>
         <controlfield tag="001">30003253</controlfield>
         <controlfield tag="003">RISM</controlfield>
         <controlfield tag="005">20160216</controlfield>
         <controlfield tag="008">160216n||az|||||||##########||||||||||||</controlfield>
         <datafield tag="040" ind1=" " ind2=" ">
            <subfield code="a">D-Bda</subfield>
         </datafield>
         <datafield tag="043" ind1=" " ind2=" ">
            <subfield code="c">XA-DE</subfield>
         </datafield>
         <datafield tag="110" ind1="2" ind2=" ">
            <subfield code="a">Akademie der Künste</subfield>
            <subfield code="c">Berlin</subfield>
            <subfield code="g">D-Bda</subfield>
         </datafield>
         <datafield tag="410" ind1="2" ind2=" ">
            <subfield code="a">Stiftung Archiv der Akademie der Künste Berlin-Brandenburg, Abt. Musikarchive</subfield>
         </datafield>
         <datafield tag="410" ind1="2" ind2=" ">
            <subfield code="a">Deutsche Akademie der Künste, Bibliothek und Musikarchive</subfield>
         </datafield>
         <datafield tag="410" ind1="2" ind2=" ">
            <subfield code="a">Musikarchiv</subfield>
         </datafield>
         <datafield tag="410" ind1="2" ind2=" ">
            <subfield code="a">Historisches Archiv</subfield>
         </datafield>
         <datafield tag="410" ind1="2" ind2=" ">
            <subfield code="a">Bibliothek</subfield>
         </datafield>
         <datafield tag="622" ind1=" " ind2=" ">
            <subfield code="e">Akademie der Künste, Bibliothek, Luisenstraße 60, 10117 Berlin, Germany</subfield>
            <subfield code="u">http://www.adk.de</subfield>
         </datafield>
      </record>