
      <record>
         <leader>00000nz  a2200169   4500</leader>
         <controlfield tag="001">30076928</controlfield>
         <controlfield tag="003">RISM</controlfield>
         <controlfield tag="005">20160216</controlfield>
         <controlfield tag="008">160216n||az|||||||##########||||||||||||</controlfield>
         <datafield tag="040" ind1=" " ind2=" ">
            <subfield code="a">D-Bdai</subfield>
         </datafield>
         <datafield tag="043" ind1=" " ind2=" ">
            <subfield code="c">XA-DE</subfield>
         </datafield>
         <datafield tag="110" ind1="2" ind2=" ">
            <subfield code="a">Deutsches Archäologisches Institut, Bibliothek der Zentrale</subfield>
            <subfield code="c">Berlin</subfield>
            <subfield code="g">D-Bdai</subfield>
         </datafield>
         <datafield tag="622" ind1=" " ind2=" ">
            <subfield code="e">Deutsches Archäologisches Institut,,  Bibliothek der Zentrale, Podbielskiallee 69-71, 14195 Berlin, Germany</subfield>
            <subfield code="u">https://goo.gl/n7arFj</subfield>
         </datafield>
      </record>