
      <record>
         <leader>00000nz  a2200169   4500</leader>
         <controlfield tag="001">30080117</controlfield>
         <controlfield tag="003">RISM</controlfield>
         <controlfield tag="005">20160216</controlfield>
         <controlfield tag="008">160216n||az|||||||##########||||||||||||</controlfield>
         <datafield tag="040" ind1=" " ind2=" ">
            <subfield code="a">D-BDBha</subfield>
         </datafield>
         <datafield tag="043" ind1=" " ind2=" ">
            <subfield code="c">XA-DE</subfield>
         </datafield>
         <datafield tag="110" ind1="2" ind2=" ">
            <subfield code="a">Südwestrundfunk, Historisches Archiv</subfield>
            <subfield code="c">Baden-Baden</subfield>
            <subfield code="g">D-BDBha</subfield>
         </datafield>
         <datafield tag="622" ind1=" " ind2=" ">
            <subfield code="e">Historisches Archiv, Hans-Bredow-Straße, 76530 Baden-Baden, Germany</subfield>
         </datafield>
      </record>