
      <record>
         <leader>00000nz  a2200169   4500</leader>
         <controlfield tag="001">30080116</controlfield>
         <controlfield tag="003">RISM</controlfield>
         <controlfield tag="005">20160216</controlfield>
         <controlfield tag="008">160216n||az|||||||##########||||||||||||</controlfield>
         <datafield tag="040" ind1=" " ind2=" ">
            <subfield code="a">D-BDBhsa</subfield>
         </datafield>
         <datafield tag="043" ind1=" " ind2=" ">
            <subfield code="c">XA-DE</subfield>
         </datafield>
         <datafield tag="110" ind1="2" ind2=" ">
            <subfield code="a">Heinrich-Strobel-Archiv</subfield>
            <subfield code="c">Baden-Baden</subfield>
            <subfield code="g">D-BDBhsa</subfield>
         </datafield>
         <datafield tag="580" ind1=" " ind2=" ">
            <subfield code="x">D-BDBs</subfield>
            <subfield code="0">30000674</subfield>
         </datafield>
      </record>