
      <record>
         <leader>00000nz  a2200169   4500</leader>
         <controlfield tag="001">30004138</controlfield>
         <controlfield tag="003">RISM</controlfield>
         <controlfield tag="005">20160216</controlfield>
         <controlfield tag="008">160216n||az|||||||##########||||||||||||</controlfield>
         <datafield tag="040" ind1=" " ind2=" ">
            <subfield code="a">D-BDBsb</subfield>
         </datafield>
         <datafield tag="043" ind1=" " ind2=" ">
            <subfield code="c">XA-DE</subfield>
         </datafield>
         <datafield tag="110" ind1="2" ind2=" ">
            <subfield code="a">Stadtbibliothek, Musikbibliothek Luise Le Beau</subfield>
            <subfield code="c">Baden-Baden</subfield>
            <subfield code="g">D-BDBsb</subfield>
         </datafield>
         <datafield tag="622" ind1=" " ind2=" ">
            <subfield code="e">Stadtbibliothek,,  Musikbibliothek Luise Le Beau, Luisenstr. 34, 76530 Baden-Baden, Germany</subfield>
            <subfield code="u">http://www.baden-baden.de/stadtbibliothek/musikbibliothek-und-musikalische-archive/</subfield>
         </datafield>
      </record>