
      <record>
         <leader>00000nz  a2200169   4500</leader>
         <controlfield tag="001">30002867</controlfield>
         <controlfield tag="003">RISM</controlfield>
         <controlfield tag="005">20160216</controlfield>
         <controlfield tag="008">160216n||az|||||||##########||||||||||||</controlfield>
         <datafield tag="040" ind1=" " ind2=" ">
            <subfield code="a">D-BDg</subfield>
         </datafield>
         <datafield tag="043" ind1=" " ind2=" ">
            <subfield code="c">XA-DE</subfield>
         </datafield>
         <datafield tag="110" ind1="2" ind2=" ">
            <subfield code="a">Bibliothek der St. Gotthardt-Kirche</subfield>
            <subfield code="c">Brandenburg an der Havel</subfield>
            <subfield code="g">D-BDg</subfield>
         </datafield>
         <datafield tag="622" ind1=" " ind2=" ">
            <subfield code="e">Bibliothek der St. Gotthardt-Kirche, Gemeindebüro, Gotthardtkirchplatz 8, 14770 Brandenburg an der Havel, Germany</subfield>
            <subfield code="u">http://www.ekmb.de/brandenburg-st-gotthardt-und-christusgem/</subfield>
         </datafield>
      </record>