
      <record>
         <leader>00000nz  a2200169   4500</leader>
         <controlfield tag="001">30000675</controlfield>
         <controlfield tag="003">RISM</controlfield>
         <controlfield tag="005">20160216</controlfield>
         <controlfield tag="008">160216n||az|||||||##########||||||||||||</controlfield>
         <datafield tag="040" ind1=" " ind2=" ">
            <subfield code="a">D-BDH</subfield>
         </datafield>
         <datafield tag="043" ind1=" " ind2=" ">
            <subfield code="c">XA-DE</subfield>
         </datafield>
         <datafield tag="110" ind1="2" ind2=" ">
            <subfield code="a">Stadtbibliothek</subfield>
            <subfield code="c">Bad Homburg vor der Höhe</subfield>
            <subfield code="g">D-BDH</subfield>
         </datafield>
         <datafield tag="622" ind1=" " ind2=" ">
            <subfield code="e">Stadtbibliothek, Dorotheenstraße 24, 61348 Bad Homburg vor der Höhe, Germany</subfield>
            <subfield code="u">http://www.bad-homburg.de/kultur/bibliothek-literatur/StadtBibliothek.php</subfield>
         </datafield>
      </record>