
      <record>
         <leader>00000nz  a2200169   4500</leader>
         <controlfield tag="001">30003254</controlfield>
         <controlfield tag="003">RISM</controlfield>
         <controlfield tag="005">20160216</controlfield>
         <controlfield tag="008">160216n||az|||||||##########||||||||||||</controlfield>
         <datafield tag="040" ind1=" " ind2=" ">
            <subfield code="a">D-Bdhm</subfield>
         </datafield>
         <datafield tag="043" ind1=" " ind2=" ">
            <subfield code="c">XA-DE</subfield>
         </datafield>
         <datafield tag="110" ind1="2" ind2=" ">
            <subfield code="a">Hochschule für Musik Hanns Eisler, Bibliothek</subfield>
            <subfield code="c">Berlin</subfield>
            <subfield code="g">D-Bdhm</subfield>
         </datafield>
         <datafield tag="410" ind1="2" ind2=" ">
            <subfield code="a">Deutsche Hochschule für Musik Hanns Eisler</subfield>
         </datafield>
         <datafield tag="622" ind1=" " ind2=" ">
            <subfield code="e">Hochschule für Musik Hanns Eisler,,  Bibliothek, Hauptgebäude, 3. OG, Charlottenstr. 55, 10117 Berlin, Germany</subfield>
            <subfield code="u">http://www.hfm-berlin.de</subfield>
         </datafield>
      </record>