
      <record>
         <leader>00000nz  a2200169   4500</leader>
         <controlfield tag="001">30076981</controlfield>
         <controlfield tag="003">RISM</controlfield>
         <controlfield tag="005">20160216</controlfield>
         <controlfield tag="008">160216n||az|||||||##########||||||||||||</controlfield>
         <datafield tag="040" ind1=" " ind2=" ">
            <subfield code="a">D-Bdm</subfield>
         </datafield>
         <datafield tag="110" ind1="2" ind2=" ">
            <subfield code="a">Deutsches Musikarchiv</subfield>
            <subfield code="c">Berlin</subfield>
            <subfield code="g">D-Bdm</subfield>
         </datafield>
         <datafield tag="410" ind1="2" ind2=" ">
            <subfield code="a">Abteilung der Deutschen Nationalbibliothek</subfield>
         </datafield>
      </record>