
      <record>
         <leader>00000nz  a2200169   4500</leader>
         <controlfield tag="001">30001074</controlfield>
         <controlfield tag="003">RISM</controlfield>
         <controlfield tag="005">20160216</controlfield>
         <controlfield tag="008">160216n||az|||||||##########||||||||||||</controlfield>
         <datafield tag="040" ind1=" " ind2=" ">
            <subfield code="a">D-Bdso</subfield>
         </datafield>
         <datafield tag="043" ind1=" " ind2=" ">
            <subfield code="c">XA-DE</subfield>
         </datafield>
         <datafield tag="110" ind1="2" ind2=" ">
            <subfield code="a">Deutsche Staatsoper, Bibliothek</subfield>
            <subfield code="c">Berlin</subfield>
            <subfield code="g">D-Bdso</subfield>
         </datafield>
         <datafield tag="622" ind1=" " ind2=" ">
            <subfield code="e">Deutsche Staatsoper, Bibliothek, Unter den Linden 7, 10117 Berlin, Germany</subfield>
            <subfield code="u">http://staatsoper-berlin.de/de_DE/home</subfield>
         </datafield>
      </record>