
      <record>
         <leader>00000nz  a2200169   4500</leader>
         <controlfield tag="001">30002733</controlfield>
         <controlfield tag="003">RISM</controlfield>
         <controlfield tag="005">20160216</controlfield>
         <controlfield tag="008">160216n||az|||||||##########||||||||||||</controlfield>
         <datafield tag="040" ind1=" " ind2=" ">
            <subfield code="a">D-BEB</subfield>
         </datafield>
         <datafield tag="043" ind1=" " ind2=" ">
            <subfield code="c">XA-DE</subfield>
         </datafield>
         <datafield tag="110" ind1="2" ind2=" ">
            <subfield code="a">Evangelische Kirchengemeinde Bebenhausen, Pfarrbibliothek</subfield>
            <subfield code="c">Tübingen-Bebenhausen</subfield>
            <subfield code="g">D-BEB</subfield>
         </datafield>
         <datafield tag="622" ind1=" " ind2=" ">
            <subfield code="e">Evangelische Kirchengemeinde,  Bebenhausen, Pfarrbibliothek, c/o Pfarramt Lustnau Nord, Neuhaldenstraße 10/1, 72074 Tübingen-Lustnau, Germany</subfield>
            <subfield code="u">http://www.evangelische-kirche-bebenhausen.de/</subfield>
         </datafield>
      </record>