
      <record>
         <leader>00000nz  a2200169   4500</leader>
         <controlfield tag="001">30077750</controlfield>
         <controlfield tag="003">RISM</controlfield>
         <controlfield tag="005">20160216</controlfield>
         <controlfield tag="008">160216n||az|||||||##########||||||||||||</controlfield>
         <datafield tag="040" ind1=" " ind2=" ">
            <subfield code="a">D-BEek</subfield>
         </datafield>
         <datafield tag="043" ind1=" " ind2=" ">
            <subfield code="c">XA-DE</subfield>
         </datafield>
         <datafield tag="110" ind1="2" ind2=" ">
            <subfield code="a">Evangelische Kirchengemeinde</subfield>
            <subfield code="c">Bad Berleburg</subfield>
            <subfield code="g">D-BEek</subfield>
         </datafield>
         <datafield tag="622" ind1=" " ind2=" ">
            <subfield code="e">Evangelische Kirchengemeinde, Im Herrengarten 9, 57319 Bad Berleburg, Germany</subfield>
            <subfield code="u">http://www.ev-kirche-berleburg.de/</subfield>
         </datafield>
      </record>