
      <record>
         <leader>00000nz  a2200169   4500</leader>
         <controlfield tag="001">30001089</controlfield>
         <controlfield tag="003">RISM</controlfield>
         <controlfield tag="005">20160216</controlfield>
         <controlfield tag="008">160216n||az|||||||##########||||||||||||</controlfield>
         <datafield tag="040" ind1=" " ind2=" ">
            <subfield code="a">D-BEI</subfield>
         </datafield>
         <datafield tag="043" ind1=" " ind2=" ">
            <subfield code="c">XA-DE</subfield>
         </datafield>
         <datafield tag="110" ind1="2" ind2=" ">
            <subfield code="a">Evangelische Dorfkirche St. Aegidius, Pfarrarchiv</subfield>
            <subfield code="c">Beichlingen</subfield>
            <subfield code="g">D-BEI</subfield>
         </datafield>
         <datafield tag="622" ind1=" " ind2=" ">
            <subfield code="e">Evangelische Dorfkirche St. Aegidius,,  Pfarrarchiv, c/o Pfarrbereich Kölleda-Ostramondra, Bahnhofstraße 4, 99636 Ostramondra, Germany</subfield>
            <subfield code="u">http://goo.gl/dOIkOI</subfield>
         </datafield>
      </record>