
      <record>
         <leader>00000nz  a2200169   4500</leader>
         <controlfield tag="001">30006495</controlfield>
         <controlfield tag="003">RISM</controlfield>
         <controlfield tag="005">20160216</controlfield>
         <controlfield tag="008">160216n||az|||||||##########||||||||||||</controlfield>
         <datafield tag="040" ind1=" " ind2=" ">
            <subfield code="a">D-Bekbo</subfield>
         </datafield>
         <datafield tag="043" ind1=" " ind2=" ">
            <subfield code="c">XA-DE</subfield>
         </datafield>
         <datafield tag="110" ind1="2" ind2=" ">
            <subfield code="a">Evangelisches Landeskirchliches Archiv in Berlin (ELAB)</subfield>
            <subfield code="c">Berlin</subfield>
            <subfield code="g">D-Bekbo</subfield>
         </datafield>
         <datafield tag="410" ind1="2" ind2=" ">
            <subfield code="a">Landeskirchliches Archiv der Evangelischen Kirche in Berlin-Brandenburg - schlesische Oberlausitz</subfield>
         </datafield>
         <datafield tag="622" ind1=" " ind2=" ">
            <subfield code="e">Evangelisches Landeskirchliches Archiv,  in Berlin (ELAB), Bethaniendamm 29, 10997 Berlin (Kreuzberg), Germany</subfield>
            <subfield code="u">http://www.landeskirchenarchivberlin.de/</subfield>
         </datafield>
      </record>