
      <record>
         <leader>00000nz  a2200169   4500</leader>
         <controlfield tag="001">30002725</controlfield>
         <controlfield tag="003">RISM</controlfield>
         <controlfield tag="005">20160216</controlfield>
         <controlfield tag="008">160216n||az|||||||##########||||||||||||</controlfield>
         <datafield tag="040" ind1=" " ind2=" ">
            <subfield code="a">D-Beku</subfield>
         </datafield>
         <datafield tag="043" ind1=" " ind2=" ">
            <subfield code="c">XA-DE</subfield>
         </datafield>
         <datafield tag="110" ind1="2" ind2=" ">
            <subfield code="a">Union Evangelischer Kirchen in der EKD Kirchenkanzlei, Bibliothek</subfield>
            <subfield code="c">Berlin</subfield>
            <subfield code="g">D-Beku</subfield>
         </datafield>
         <datafield tag="410" ind1="2" ind2=" ">
            <subfield code="a">Ehemalige Evangelische Kirche der Union EKU</subfield>
         </datafield>
         <datafield tag="622" ind1=" " ind2=" ">
            <subfield code="e">Union Evangelischer Kirchen in der EKD,  Kirchenkanzlei, Bibliothek, Jebenstraße 3, 10623 Berlin, Germany</subfield>
            <subfield code="u">https://goo.gl/kTb3Ow</subfield>
         </datafield>
      </record>