
      <record>
         <leader>00000nz  a2200169   4500</leader>
         <controlfield tag="001">30002735</controlfield>
         <controlfield tag="003">RISM</controlfield>
         <controlfield tag="005">20160216</controlfield>
         <controlfield tag="008">160216n||az|||||||##########||||||||||||</controlfield>
         <datafield tag="040" ind1=" " ind2=" ">
            <subfield code="a">D-BES</subfield>
         </datafield>
         <datafield tag="043" ind1=" " ind2=" ">
            <subfield code="c">XA-DE</subfield>
         </datafield>
         <datafield tag="110" ind1="2" ind2=" ">
            <subfield code="a">Evangelische Kirchengemeinde, Kirchenbibliothek</subfield>
            <subfield code="c">Besigheim</subfield>
            <subfield code="g">D-BES</subfield>
         </datafield>
         <datafield tag="622" ind1=" " ind2=" ">
            <subfield code="e">Evangelische Kirchengemeinde,,  Kirchenbibliothek, Pfarrgasse 3, 74354 Besigheim, Germany</subfield>
            <subfield code="u">http://www.besigheim-evangelisch.de/</subfield>
         </datafield>
      </record>