
      <record>
         <leader>00000nz  a2200169   4500</leader>
         <controlfield tag="001">30002868</controlfield>
         <controlfield tag="003">RISM</controlfield>
         <controlfield tag="005">20160216</controlfield>
         <controlfield tag="008">160216n||az|||||||##########||||||||||||</controlfield>
         <datafield tag="040" ind1=" " ind2=" ">
            <subfield code="a">D-BEST</subfield>
         </datafield>
         <datafield tag="043" ind1=" " ind2=" ">
            <subfield code="c">XA-DE</subfield>
         </datafield>
         <datafield tag="110" ind1="2" ind2=" ">
            <subfield code="a">Evangelische Kirchengemeinde Berlstedt, Pfarrarchiv</subfield>
            <subfield code="c">Berlstedt</subfield>
            <subfield code="g">D-BEST</subfield>
         </datafield>
         <datafield tag="622" ind1=" " ind2=" ">
            <subfield code="e">Evangelische Kirchengemeinde Berlstedt,,  Pfarrarchiv, c/o Pfarramt Neumark, Vor dem Obertore 106, 99439 Neumark, Germany</subfield>
            <subfield code="u">http://www.suptur-apolda.de/index.html</subfield>
         </datafield>
      </record>