
      <record>
         <leader>00000nz  a2200169   4500</leader>
         <controlfield tag="001">30000678</controlfield>
         <controlfield tag="003">RISM</controlfield>
         <controlfield tag="005">20160216</controlfield>
         <controlfield tag="008">160216n||az|||||||##########||||||||||||</controlfield>
         <datafield tag="040" ind1=" " ind2=" ">
            <subfield code="a">D-BEU</subfield>
         </datafield>
         <datafield tag="043" ind1=" " ind2=" ">
            <subfield code="c">XA-DE</subfield>
         </datafield>
         <datafield tag="110" ind1="2" ind2=" ">
            <subfield code="a">Bibliothek der Erzabtei St. Martin</subfield>
            <subfield code="c">Beuron</subfield>
            <subfield code="g">D-BEU</subfield>
         </datafield>
         <datafield tag="622" ind1=" " ind2=" ">
            <subfield code="e">Bibliothek der Erzabtei St. Martin, Abteistraße 2, 88631 Beuron, Germany</subfield>
            <subfield code="u">http://www.erzabtei-beuron.de/</subfield>
         </datafield>
      </record>