
      <record>
         <leader>00000nz  a2200169   4500</leader>
         <controlfield tag="001">30002870</controlfield>
         <controlfield tag="003">RISM</controlfield>
         <controlfield tag="005">20160216</controlfield>
         <controlfield tag="008">160216n||az|||||||##########||||||||||||</controlfield>
         <datafield tag="040" ind1=" " ind2=" ">
            <subfield code="a">D-BEUT</subfield>
         </datafield>
         <datafield tag="043" ind1=" " ind2=" ">
            <subfield code="c">XA-DE</subfield>
         </datafield>
         <datafield tag="110" ind1="2" ind2=" ">
            <subfield code="a">Kirchengemeindeverband Am Gleistal-Beutnitz, Evangelische Kirchengemeinde Beutnitz, Pfarrarchiv</subfield>
            <subfield code="c">Beutnitz (Golmsdorf)</subfield>
            <subfield code="g">D-BEUT</subfield>
         </datafield>
         <datafield tag="622" ind1=" " ind2=" ">
            <subfield code="e">Kirchengemeindeverband Am,  Gleistal-Beutnitz, Evangelische,  Kirchengemeinde Beutnitz, Pfarrarchiv, Pfarramt, Pfarrgasse 1, 07751 Beutnitz (Golmsdorf), Germany</subfield>
            <subfield code="u">http://www.kirchenkreis-jena.de/de/start.html</subfield>
         </datafield>
      </record>