
      <record>
         <leader>00000nz  a2200169   4500</leader>
         <controlfield tag="001">30000679</controlfield>
         <controlfield tag="003">RISM</controlfield>
         <controlfield tag="005">20160216</controlfield>
         <controlfield tag="008">160216n||az|||||||##########||||||||||||</controlfield>
         <datafield tag="040" ind1=" " ind2=" ">
            <subfield code="a">D-BEV</subfield>
         </datafield>
         <datafield tag="043" ind1=" " ind2=" ">
            <subfield code="c">XA-DE</subfield>
         </datafield>
         <datafield tag="110" ind1="2" ind2=" ">
            <subfield code="a">Evangelisch-Lutherische Kirchengemeinde, Bibliothek</subfield>
            <subfield code="c">Bad Bevensen</subfield>
            <subfield code="g">D-BEV</subfield>
         </datafield>
         <datafield tag="410" ind1="2" ind2=" ">
            <subfield code="a">Dreikönigs-Kirchengemeinde, Bibliothek</subfield>
         </datafield>
         <datafield tag="410" ind1="2" ind2=" ">
            <subfield code="a">Superintendentur (Ephoralbibliothek und Bibliothek Sürsen)</subfield>
         </datafield>
         <datafield tag="622" ind1=" " ind2=" ">
            <subfield code="e">Evangelisch-Lutherische Kirchengemeinde,,  Bibliothek, Pastorenstraße 1, 29549 Bad Bevensen, Germany</subfield>
            <subfield code="u">http://goo.gl/qWBKV4</subfield>
         </datafield>
      </record>