
      <record>
         <leader>00000nz  a2200169   4500</leader>
         <controlfield tag="001">30000680</controlfield>
         <controlfield tag="003">RISM</controlfield>
         <controlfield tag="005">20160216</controlfield>
         <controlfield tag="008">160216n||az|||||||##########||||||||||||</controlfield>
         <datafield tag="040" ind1=" " ind2=" ">
            <subfield code="a">D-BFa</subfield>
         </datafield>
         <datafield tag="043" ind1=" " ind2=" ">
            <subfield code="c">XA-DE</subfield>
         </datafield>
         <datafield tag="110" ind1="2" ind2=" ">
            <subfield code="a">Gymnasium Arnoldinum, Historische Bibliothek</subfield>
            <subfield code="c">Steinfurt</subfield>
            <subfield code="g">D-BFa</subfield>
         </datafield>
         <datafield tag="622" ind1=" " ind2=" ">
            <subfield code="e">Gymnasium Arnoldinum, Historische,  Bibliothek, Pagenstecherweg 1, 48565 Steinfurt, Germany</subfield>
            <subfield code="u">http://www.arnoldinum.de/arnoldinum/akademische-bibliothek.php</subfield>
         </datafield>
      </record>