
      <record>
         <leader>00000nz  a2200169   4500</leader>
         <controlfield tag="001">30000034</controlfield>
         <controlfield tag="003">RISM</controlfield>
         <controlfield tag="005">20160216</controlfield>
         <controlfield tag="008">160216n||az|||||||##########||||||||||||</controlfield>
         <datafield tag="040" ind1=" " ind2=" ">
            <subfield code="a">D-BFb</subfield>
         </datafield>
         <datafield tag="043" ind1=" " ind2=" ">
            <subfield code="c">XA-DE</subfield>
         </datafield>
         <datafield tag="110" ind1="2" ind2=" ">
            <subfield code="a">Fürst zu Bentheimsche Musikaliensammlung Burgsteinfurt</subfield>
            <subfield code="c">Steinfurt</subfield>
            <subfield code="g">D-BFb</subfield>
         </datafield>
         <datafield tag="580" ind1=" " ind2=" ">
            <subfield code="x">D-MÜu</subfield>
            <subfield code="0">30000186</subfield>
         </datafield>
         <datafield tag="622" ind1=" " ind2=" ">
            <subfield code="u">http://www.ulb.uni-muenster.de/sammlungen/musik/</subfield>
         </datafield>
      </record>