
      <record>
         <leader>00000nz  a2200169   4500</leader>
         <controlfield tag="001">30003746</controlfield>
         <controlfield tag="003">RISM</controlfield>
         <controlfield tag="005">20160216</controlfield>
         <controlfield tag="008">160216n||az|||||||##########||||||||||||</controlfield>
         <datafield tag="040" ind1=" " ind2=" ">
            <subfield code="a">D-BFHka</subfield>
         </datafield>
         <datafield tag="043" ind1=" " ind2=" ">
            <subfield code="c">XA-DE</subfield>
         </datafield>
         <datafield tag="110" ind1="2" ind2=" ">
            <subfield code="a">Kantorei der Evangelisch-Lutherischen Kirchgemeinde, Archiv</subfield>
            <subfield code="c">Bad Frankenhausen</subfield>
            <subfield code="g">D-BFHka</subfield>
         </datafield>
         <datafield tag="622" ind1=" " ind2=" ">
            <subfield code="e">Kantorei der Evangelisch-Lutherischen,  Kirchgemeinde, Archiv, Jungfernstieg 7, 06567 Bad Frankenhausen, Germany</subfield>
            <subfield code="u">http://goo.gl/TGKo3J</subfield>
         </datafield>
      </record>