
      <record>
         <leader>00000nz  a2200169   4500</leader>
         <controlfield tag="001">30003773</controlfield>
         <controlfield tag="003">RISM</controlfield>
         <controlfield tag="005">20160216</controlfield>
         <controlfield tag="008">160216n||az|||||||##########||||||||||||</controlfield>
         <datafield tag="040" ind1=" " ind2=" ">
            <subfield code="a">D-BFHp</subfield>
         </datafield>
         <datafield tag="043" ind1=" " ind2=" ">
            <subfield code="c">XA-DE</subfield>
         </datafield>
         <datafield tag="110" ind1="2" ind2=" ">
            <subfield code="a">Evangelische Kirchengemeinde Bad Frankenhausen, Pfarrarchiv</subfield>
            <subfield code="c">Bad Frankenhausen</subfield>
            <subfield code="g">D-BFHp</subfield>
         </datafield>
         <datafield tag="622" ind1=" " ind2=" ">
            <subfield code="e">Evangelische Kirchengemeinde Bad,  Frankenhausen, Pfarrarchiv, Pfarramt Bad Frankenhausen I, Jungfernstieg 7, 06567 Bad Frankenhausen, Germany</subfield>
            <subfield code="u">http://www.ekmd.de/kirche/kirchenkreise/1562.html?expanded=3068#3068</subfield>
         </datafield>
      </record>