
      <record>
         <leader>00000nz  a2200169   4500</leader>
         <controlfield tag="001">30000681</controlfield>
         <controlfield tag="003">RISM</controlfield>
         <controlfield tag="005">20160216</controlfield>
         <controlfield tag="008">160216n||az|||||||##########||||||||||||</controlfield>
         <datafield tag="040" ind1=" " ind2=" ">
            <subfield code="a">D-BG</subfield>
         </datafield>
         <datafield tag="043" ind1=" " ind2=" ">
            <subfield code="c">XA-DE</subfield>
         </datafield>
         <datafield tag="110" ind1="2" ind2=" ">
            <subfield code="a">Katholische Pfarrkirche St. Peter und Paul</subfield>
            <subfield code="c">Beuerberg (Eurasburg)</subfield>
            <subfield code="g">D-BG</subfield>
         </datafield>
         <datafield tag="622" ind1=" " ind2=" ">
            <subfield code="e">Katholische Pfarrkirche St. Peter und,  Paul, Pfarrbüro, Klosterstraße 2, 82547 Beuerberg (Eurasburg), Germany</subfield>
            <subfield code="u">https://www.erzbistum-muenchen.de/Pfarrei/Page024540.aspx</subfield>
         </datafield>
      </record>