
      <record>
         <leader>00000nz  a2200169   4500</leader>
         <controlfield tag="001">30078951</controlfield>
         <controlfield tag="003">RISM</controlfield>
         <controlfield tag="005">20160216</controlfield>
         <controlfield tag="008">160216n||az|||||||##########||||||||||||</controlfield>
         <datafield tag="040" ind1=" " ind2=" ">
            <subfield code="a">D-BGDks</subfield>
         </datafield>
         <datafield tag="043" ind1=" " ind2=" ">
            <subfield code="c">XA-DE</subfield>
         </datafield>
         <datafield tag="110" ind1="2" ind2=" ">
            <subfield code="a">Königliches Schloss</subfield>
            <subfield code="c">Berchtesgaden</subfield>
            <subfield code="g">D-BGDks</subfield>
         </datafield>
         <datafield tag="410" ind1="2" ind2=" ">
            <subfield code="a">Haus Bayern - Wittelsbacher Ausgleichsfonds - Inventarverwaltung</subfield>
         </datafield>
         <datafield tag="622" ind1=" " ind2=" ">
            <subfield code="e">Königliches Schloss, Schlossverwaltung, Schlossplatz 2, 83471 Berchtesgaden, Germany</subfield>
            <subfield code="u">http://www.haus-bayern.com/</subfield>
         </datafield>
      </record>