
      <record>
         <leader>00000nz  a2200169   4500</leader>
         <controlfield tag="001">30001075</controlfield>
         <controlfield tag="003">RISM</controlfield>
         <controlfield tag="005">20160216</controlfield>
         <controlfield tag="008">160216n||az|||||||##########||||||||||||</controlfield>
         <datafield tag="040" ind1=" " ind2=" ">
            <subfield code="a">D-Bgk</subfield>
         </datafield>
         <datafield tag="043" ind1=" " ind2=" ">
            <subfield code="c">XA-DE</subfield>
         </datafield>
         <datafield tag="110" ind1="2" ind2=" ">
            <subfield code="a">Bibliothek zum Grauen Kloster</subfield>
            <subfield code="c">Berlin</subfield>
            <subfield code="g">D-Bgk</subfield>
         </datafield>
         <datafield tag="410" ind1="2" ind2=" ">
            <subfield code="a">Bibliothek der Streitschen Stiftung</subfield>
         </datafield>
         <datafield tag="410" ind1="2" ind2=" ">
            <subfield code="a">Berlinisches Gymnasium zum Grauen Kloster zu Berlin</subfield>
         </datafield>
         <datafield tag="410" ind1="2" ind2=" ">
            <subfield code="a">Berliner Stadtbibliothek, Sammlungen des Grauen Klosters</subfield>
         </datafield>
         <datafield tag="580" ind1=" " ind2=" ">
            <subfield code="x">D-Bs</subfield>
            <subfield code="0">30000102</subfield>
         </datafield>
      </record>