
      <record>
         <leader>00000nz  a2200169   4500</leader>
         <controlfield tag="001">30005023</controlfield>
         <controlfield tag="003">RISM</controlfield>
         <controlfield tag="005">20160216</controlfield>
         <controlfield tag="008">160216n||az|||||||##########||||||||||||</controlfield>
         <datafield tag="040" ind1=" " ind2=" ">
            <subfield code="a">D-BGLidmo</subfield>
         </datafield>
         <datafield tag="043" ind1=" " ind2=" ">
            <subfield code="c">XA-DE</subfield>
         </datafield>
         <datafield tag="110" ind1="2" ind2=" ">
            <subfield code="a">Interkulturelles Forschungsprojekt Deutsche Musikkultur im östlichen Europa</subfield>
            <subfield code="c">Bonn</subfield>
            <subfield code="g">D-BGLidmo</subfield>
         </datafield>
         <datafield tag="410" ind1="2" ind2=" ">
            <subfield code="a">Institut für deutsche Musikkultur im östlichen Europa e. V.</subfield>
         </datafield>
         <datafield tag="410" ind1="2" ind2=" ">
            <subfield code="a">Institut für Deutsche Musik im Osten (Bergisch Gladbach)</subfield>
         </datafield>
         <datafield tag="580" ind1=" " ind2=" ">
            <subfield code="x">D-Bda</subfield>
            <subfield code="0">30003253</subfield>
         </datafield>
         <datafield tag="622" ind1=" " ind2=" ">
            <subfield code="e">Interkulturelles Forschungsprojekt,  Deutsche Musikkultur im östlichen,  Europa, Abteilung für Musikwissenschaft der,  Universität Bonn, Adenauerallee 4-6, 53113 Bonn, Germany</subfield>
            <subfield code="u">http://www.dmk-oeu.uni-bonn.de/</subfield>
         </datafield>
      </record>