
      <record>
         <leader>00000nz  a2200169   4500</leader>
         <controlfield tag="001">30070507</controlfield>
         <controlfield tag="003">RISM</controlfield>
         <controlfield tag="005">20160216</controlfield>
         <controlfield tag="008">160216n||az|||||||##########||||||||||||</controlfield>
         <datafield tag="040" ind1=" " ind2=" ">
            <subfield code="a">D-BGLsc</subfield>
         </datafield>
         <datafield tag="043" ind1=" " ind2=" ">
            <subfield code="c">XA-DE</subfield>
         </datafield>
         <datafield tag="110" ind1="2" ind2=" ">
            <subfield code="a">Katholische Pfarrei St. Clemens - Paffrath</subfield>
            <subfield code="c">Bergisch Gladbach</subfield>
            <subfield code="g">D-BGLsc</subfield>
         </datafield>
         <datafield tag="622" ind1=" " ind2=" ">
            <subfield code="e">Katholische Pfarrei St. Clemens -,  Paffrath, Pastoralbüro, Kempener Straße 4, 51469 Bergisch Gladbach, Germany</subfield>
            <subfield code="u">http://www.stclemens-paffrath.de</subfield>
         </datafield>
      </record>