
      <record>
         <leader>00000nz  a2200169   4500</leader>
         <controlfield tag="001">30002726</controlfield>
         <controlfield tag="003">RISM</controlfield>
         <controlfield tag="005">20160216</controlfield>
         <controlfield tag="008">160216n||az|||||||##########||||||||||||</controlfield>
         <datafield tag="040" ind1=" " ind2=" ">
            <subfield code="a">D-Bgs</subfield>
         </datafield>
         <datafield tag="043" ind1=" " ind2=" ">
            <subfield code="c">XA-DE</subfield>
         </datafield>
         <datafield tag="110" ind1="2" ind2=" ">
            <subfield code="a">Institut für Deutsche und Niederländische Philologie</subfield>
            <subfield code="c">Berlin</subfield>
            <subfield code="g">D-Bgs</subfield>
         </datafield>
         <datafield tag="410" ind1="2" ind2=" ">
            <subfield code="a">Germanisches Seminar der Freien Universität</subfield>
         </datafield>
         <datafield tag="622" ind1=" " ind2=" ">
            <subfield code="e">Institut für Deutsche und,  Niederländische Philologie, Habelschwerdter Allee 45, 14195 Berlin, Germany</subfield>
            <subfield code="u">http://www.geisteswissenschaften.fu-berlin.de/we04/index.html</subfield>
         </datafield>
      </record>