
      <record>
         <leader>00000nz  a2200169   4500</leader>
         <controlfield tag="001">30006450</controlfield>
         <controlfield tag="003">RISM</controlfield>
         <controlfield tag="005">20160216</controlfield>
         <controlfield tag="008">160216n||az|||||||##########||||||||||||</controlfield>
         <datafield tag="040" ind1=" " ind2=" ">
            <subfield code="a">D-BGSk</subfield>
         </datafield>
         <datafield tag="043" ind1=" " ind2=" ">
            <subfield code="c">XA-DE</subfield>
         </datafield>
         <datafield tag="110" ind1="2" ind2=" ">
            <subfield code="a">Evangelisch-Lutherische Kirchgemeinde Burgstädt, Kantoreiarchiv</subfield>
            <subfield code="c">Burgstädt</subfield>
            <subfield code="g">D-BGSk</subfield>
         </datafield>
         <datafield tag="622" ind1=" " ind2=" ">
            <subfield code="e">Evangelisch-Lutherische Kirchgemeinde, Burgstädt, Kantoreiarchiv, Pfarramt, Kantor-Meister-Straße 2b, 09217 Burgstädt, Germany</subfield>
            <subfield code="u">http://www.stadtkirche-burgstaedt.de</subfield>
         </datafield>
      </record>