
      <record>
         <leader>00000nz  a2200169   4500</leader>
         <controlfield tag="001">30061562</controlfield>
         <controlfield tag="003">RISM</controlfield>
         <controlfield tag="005">20160216</controlfield>
         <controlfield tag="008">160216n||az|||||||##########||||||||||||</controlfield>
         <datafield tag="040" ind1=" " ind2=" ">
            <subfield code="a">D-BHf</subfield>
         </datafield>
         <datafield tag="043" ind1=" " ind2=" ">
            <subfield code="c">XA-DE</subfield>
         </datafield>
         <datafield tag="110" ind1="2" ind2=" ">
            <subfield code="a">Deutsches Freimaurermuseum</subfield>
            <subfield code="c">Bayreuth</subfield>
            <subfield code="g">D-BHf</subfield>
         </datafield>
         <datafield tag="622" ind1=" " ind2=" ">
            <subfield code="e">Deutsches Freimaurermuseum, Im Hofgarten 1, 95444 Bayreuth, Germany</subfield>
            <subfield code="u">http://museum.freimaurer.org/</subfield>
         </datafield>
      </record>