
      <record>
         <leader>00000nz  a2200169   4500</leader>
         <controlfield tag="001">30006366</controlfield>
         <controlfield tag="003">RISM</controlfield>
         <controlfield tag="005">20160216</controlfield>
         <controlfield tag="008">160216n||az|||||||##########||||||||||||</controlfield>
         <datafield tag="040" ind1=" " ind2=" ">
            <subfield code="a">D-BHFr</subfield>
         </datafield>
         <datafield tag="043" ind1=" " ind2=" ">
            <subfield code="c">XA-DE</subfield>
         </datafield>
         <datafield tag="110" ind1="2" ind2=" ">
            <subfield code="a">Kirchenkreisamt Hersfeld-Rotenburg</subfield>
            <subfield code="c">Bad Hersfeld</subfield>
            <subfield code="g">D-BHFr</subfield>
         </datafield>
         <datafield tag="410" ind1="2" ind2=" ">
            <subfield code="a">Kirchliches Rentamt des Kirchenkreises Hersfeld</subfield>
         </datafield>
         <datafield tag="622" ind1=" " ind2=" ">
            <subfield code="e">Kirchenkreisamt Hersfeld-Rotenburg, Frankfurter Str. 7, 36251 Bad Hersfeld, Germany</subfield>
            <subfield code="u">http://www.ekkw.de/hersfeld/index.html</subfield>
         </datafield>
      </record>