
      <record>
         <leader>00000nz  a2200169   4500</leader>
         <controlfield tag="001">30003654</controlfield>
         <controlfield tag="003">RISM</controlfield>
         <controlfield tag="005">20160216</controlfield>
         <controlfield tag="008">160216n||az|||||||##########||||||||||||</controlfield>
         <datafield tag="040" ind1=" " ind2=" ">
            <subfield code="a">D-BHhv</subfield>
         </datafield>
         <datafield tag="043" ind1=" " ind2=" ">
            <subfield code="c">XA-DE</subfield>
         </datafield>
         <datafield tag="110" ind1="2" ind2=" ">
            <subfield code="a">Historischer Verein für Oberfranken, Bibliothek</subfield>
            <subfield code="c">Bayreuth</subfield>
            <subfield code="g">D-BHhv</subfield>
         </datafield>
         <datafield tag="580" ind1=" " ind2=" ">
            <subfield code="x">D-BHu</subfield>
            <subfield code="0">30006651</subfield>
         </datafield>
         <datafield tag="622" ind1=" " ind2=" ">
            <subfield code="u">http://www.hvo.franken.org/</subfield>
         </datafield>
      </record>