
      <record>
         <leader>00000nz  a2200169   4500</leader>
         <controlfield tag="001">30000659</controlfield>
         <controlfield tag="003">RISM</controlfield>
         <controlfield tag="005">20160216</controlfield>
         <controlfield tag="008">160216n||az|||||||##########||||||||||||</controlfield>
         <datafield tag="040" ind1=" " ind2=" ">
            <subfield code="a">D-Bhm</subfield>
         </datafield>
         <datafield tag="043" ind1=" " ind2=" ">
            <subfield code="c">XA-DE</subfield>
         </datafield>
         <datafield tag="110" ind1="2" ind2=" ">
            <subfield code="a">Universität der Künste Berlin, Universitätsbibliothek</subfield>
            <subfield code="c">Berlin</subfield>
            <subfield code="g">D-Bhm</subfield>
         </datafield>
         <datafield tag="410" ind1="2" ind2=" ">
            <subfield code="a">Staatliche Hochschule für Musik</subfield>
         </datafield>
         <datafield tag="410" ind1="2" ind2=" ">
            <subfield code="a">Hochschule für Kunst, Musik und Darstellende Kunst, Hochschulbibliothek</subfield>
         </datafield>
         <datafield tag="410" ind1="2" ind2=" ">
            <subfield code="a">Kgl. Akademische Hochschule für Musik</subfield>
         </datafield>
         <datafield tag="622" ind1=" " ind2=" ">
            <subfield code="e">Universität der Künste Berlin,,  Universitätsbibliothek, Volkswagen-Haus, Fasanenstr. 88, 10623 Berlin, Germany</subfield>
            <subfield code="u">http://www.udk-berlin.de/sites/universitaetsbibliothek/content/index_ger.html</subfield>
         </datafield>
         <datafield tag="710" ind1="2" ind2=" ">
            <subfield code="a">Universität der Künste Berlin, Fakultät Bildende Kunst, Bibliothek</subfield>
            <subfield code="0">30000658</subfield>
         </datafield>
      </record>