
      <record>
         <leader>00000nz  a2200169   4500</leader>
         <controlfield tag="001">30006089</controlfield>
         <controlfield tag="003">RISM</controlfield>
         <controlfield tag="005">20160216</controlfield>
         <controlfield tag="008">160216n||az|||||||##########||||||||||||</controlfield>
         <datafield tag="040" ind1=" " ind2=" ">
            <subfield code="a">D-BHna</subfield>
         </datafield>
         <datafield tag="043" ind1=" " ind2=" ">
            <subfield code="c">XA-DE</subfield>
         </datafield>
         <datafield tag="110" ind1="2" ind2=" ">
            <subfield code="a">Richard-Wagner-Museum mit Nationalarchiv der Richard-Wagner-Stiftung</subfield>
            <subfield code="c">Bayreuth</subfield>
            <subfield code="g">D-BHna</subfield>
         </datafield>
         <datafield tag="622" ind1=" " ind2=" ">
            <subfield code="e">Richard-Wagner-Museum mit Nationalarchiv,  der Richard-Wagner-Stiftung, Wahnfriedstr. 2, 95444 Bayreuth, Germany</subfield>
            <subfield code="u">https://www.wagnermuseum.de/nationalarchiv/</subfield>
         </datafield>
      </record>