
      <record>
         <leader>00000nz  a2200169   4500</leader>
         <controlfield tag="001">30000685</controlfield>
         <controlfield tag="003">RISM</controlfield>
         <controlfield tag="005">20160216</controlfield>
         <controlfield tag="008">160216n||az|||||||##########||||||||||||</controlfield>
         <datafield tag="040" ind1=" " ind2=" ">
            <subfield code="a">D-BI</subfield>
         </datafield>
         <datafield tag="043" ind1=" " ind2=" ">
            <subfield code="c">XA-DE</subfield>
         </datafield>
         <datafield tag="110" ind1="2" ind2=" ">
            <subfield code="a">Ratsgymnasium, Bibliothek</subfield>
            <subfield code="c">Bielefeld</subfield>
            <subfield code="g">D-BI</subfield>
         </datafield>
         <datafield tag="622" ind1=" " ind2=" ">
            <subfield code="e">Ratsgymnasium, Bibliothek, Nebelswall 1, 33602 Bielefeld, Germany</subfield>
            <subfield code="u">http://www.ratsgymnasium-bielefeld.de/</subfield>
         </datafield>
      </record>