
      <record>
         <leader>00000nz  a2200169   4500</leader>
         <controlfield tag="001">30003261</controlfield>
         <controlfield tag="003">RISM</controlfield>
         <controlfield tag="005">20160216</controlfield>
         <controlfield tag="008">160216n||az|||||||##########||||||||||||</controlfield>
         <datafield tag="040" ind1=" " ind2=" ">
            <subfield code="a">D-BIB</subfield>
         </datafield>
         <datafield tag="043" ind1=" " ind2=" ">
            <subfield code="c">XA-DE</subfield>
         </datafield>
         <datafield tag="110" ind1="2" ind2=" ">
            <subfield code="a">Evangelische Kirchengemeinde Bibra, Pfarrarchiv</subfield>
            <subfield code="c">Bibra (Grabfeld)</subfield>
            <subfield code="g">D-BIB</subfield>
         </datafield>
         <datafield tag="622" ind1=" " ind2=" ">
            <subfield code="e">Evangelische Kirchengemeinde Bibra,,  Pfarrarchiv, Pfarramt, Obere Dorfstr. 1, 98631 Bibra (Grabfeld), Germany</subfield>
            <subfield code="u">http://goo.gl/QNQ8C7</subfield>
         </datafield>
      </record>