
      <record>
         <leader>00000nz  a2200169   4500</leader>
         <controlfield tag="001">30002736</controlfield>
         <controlfield tag="003">RISM</controlfield>
         <controlfield tag="005">20160216</controlfield>
         <controlfield tag="008">160216n||az|||||||##########||||||||||||</controlfield>
         <datafield tag="040" ind1=" " ind2=" ">
            <subfield code="a">D-BIh</subfield>
         </datafield>
         <datafield tag="043" ind1=" " ind2=" ">
            <subfield code="c">XA-DE</subfield>
         </datafield>
         <datafield tag="110" ind1="2" ind2=" ">
            <subfield code="a">Stadtarchiv und Landesgeschichtliche Bibliothek</subfield>
            <subfield code="c">Bielefeld</subfield>
            <subfield code="g">D-BIh</subfield>
         </datafield>
         <datafield tag="410" ind1="2" ind2=" ">
            <subfield code="a">Stadtarchiv und Heimatbücherei</subfield>
         </datafield>
         <datafield tag="622" ind1=" " ind2=" ">
            <subfield code="e">Stadtarchiv und Landesgeschichtliche,  Bibliothek, Neumarkt 1, 33602 Bielefeld, Germany</subfield>
            <subfield code="u">https://www.bielefeld.de/de/biju/stadtar/</subfield>
         </datafield>
      </record>