
      <record>
         <leader>00000nz  a2200169   4500</leader>
         <controlfield tag="001">30006396</controlfield>
         <controlfield tag="003">RISM</controlfield>
         <controlfield tag="005">20160216</controlfield>
         <controlfield tag="008">160216n||az|||||||##########||||||||||||</controlfield>
         <datafield tag="040" ind1=" " ind2=" ">
            <subfield code="a">D-BIHw</subfield>
         </datafield>
         <datafield tag="043" ind1=" " ind2=" ">
            <subfield code="c">XA-DE</subfield>
         </datafield>
         <datafield tag="110" ind1="2" ind2=" ">
            <subfield code="a">Wieland-Archiv</subfield>
            <subfield code="c">Biberach an der Riß</subfield>
            <subfield code="g">D-BIHw</subfield>
         </datafield>
         <datafield tag="410" ind1="2" ind2=" ">
            <subfield code="a">Christoph Martin Wieland-Stiftung Biberach</subfield>
         </datafield>
         <datafield tag="622" ind1=" " ind2=" ">
            <subfield code="e">Wieland-Archiv, Zeppelinring 56, 88400 Biberach an der Riß, Germany</subfield>
            <subfield code="u">http://wieland-museum.de/archiv/index.htm</subfield>
         </datafield>
      </record>