
      <record>
         <leader>00000nz  a2200169   4500</leader>
         <controlfield tag="001">30077760</controlfield>
         <controlfield tag="003">RISM</controlfield>
         <controlfield tag="005">20160216</controlfield>
         <controlfield tag="008">160216n||az|||||||##########||||||||||||</controlfield>
         <datafield tag="040" ind1=" " ind2=" ">
            <subfield code="a">D-BIlaek</subfield>
         </datafield>
         <datafield tag="043" ind1=" " ind2=" ">
            <subfield code="c">XA-DE</subfield>
         </datafield>
         <datafield tag="110" ind1="2" ind2=" ">
            <subfield code="a">Landeskirchliches Archiv der Evangelischen Kirche von Westfalen</subfield>
            <subfield code="c">Bielefeld</subfield>
            <subfield code="g">D-BIlaek</subfield>
         </datafield>
         <datafield tag="622" ind1=" " ind2=" ">
            <subfield code="e">Landeskirchliches Archiv der,  Evangelischen Kirche von Westfalen, Bethelplatz 2, 33617 Bielefeld, Germany</subfield>
            <subfield code="u">http://goo.gl/8pxs85</subfield>
         </datafield>
      </record>