
      <record>
         <leader>00000nz  a2200169   4500</leader>
         <controlfield tag="001">30004141</controlfield>
         <controlfield tag="003">RISM</controlfield>
         <controlfield tag="005">20160216</controlfield>
         <controlfield tag="008">160216n||az|||||||##########||||||||||||</controlfield>
         <datafield tag="040" ind1=" " ind2=" ">
            <subfield code="a">D-BIm</subfield>
         </datafield>
         <datafield tag="043" ind1=" " ind2=" ">
            <subfield code="c">XA-DE</subfield>
         </datafield>
         <datafield tag="110" ind1="2" ind2=" ">
            <subfield code="a">Stadtbibliothek am Neumarkt, Musikbibliothek</subfield>
            <subfield code="c">Bielefeld</subfield>
            <subfield code="g">D-BIm</subfield>
         </datafield>
         <datafield tag="622" ind1=" " ind2=" ">
            <subfield code="e">Stadtbibliothek am Neumarkt,,  Musikbibliothek, Neumarkt 1, 33602 Bielefeld, Germany</subfield>
            <subfield code="u">http://www.stadtbibliothek-bielefeld.de/</subfield>
         </datafield>
      </record>