
      <record>
         <leader>00000nz  a2200169   4500</leader>
         <controlfield tag="001">30000660</controlfield>
         <controlfield tag="003">RISM</controlfield>
         <controlfield tag="005">20160216</controlfield>
         <controlfield tag="008">160216n||az|||||||##########||||||||||||</controlfield>
         <datafield tag="040" ind1=" " ind2=" ">
            <subfield code="a">D-Bim</subfield>
         </datafield>
         <datafield tag="043" ind1=" " ind2=" ">
            <subfield code="c">XA-DE</subfield>
         </datafield>
         <datafield tag="110" ind1="2" ind2=" ">
            <subfield code="a">Staatliches Institut für Musikforschung, Bibliothek</subfield>
            <subfield code="c">Berlin</subfield>
            <subfield code="g">D-Bim</subfield>
         </datafield>
         <datafield tag="410" ind1="2" ind2=" ">
            <subfield code="a">Stiftung Preußischer Kulturbesitz</subfield>
         </datafield>
         <datafield tag="622" ind1=" " ind2=" ">
            <subfield code="e">Staatliches Institut für Musikforschung,,  Bibliothek, Tiergartenstraße 1, 10785 Berlin, Germany</subfield>
            <subfield code="u">http://www.sim.spk-berlin.de/bibliothek_347.html</subfield>
         </datafield>
      </record>