
      <record>
         <leader>00000nz  a2200169   4500</leader>
         <controlfield tag="001">30000687</controlfield>
         <controlfield tag="003">RISM</controlfield>
         <controlfield tag="005">20160216</controlfield>
         <controlfield tag="008">160216n||az|||||||##########||||||||||||</controlfield>
         <datafield tag="040" ind1=" " ind2=" ">
            <subfield code="a">D-BIR</subfield>
         </datafield>
         <datafield tag="043" ind1=" " ind2=" ">
            <subfield code="c">XA-DE</subfield>
         </datafield>
         <datafield tag="110" ind1="2" ind2=" ">
            <subfield code="a">Fürst von Ysenburgisches Archiv und Schlossbibliothek</subfield>
            <subfield code="c">Birstein</subfield>
            <subfield code="g">D-BIR</subfield>
         </datafield>
         <datafield tag="410" ind1="2" ind2=" ">
            <subfield code="a">Fürst von Isenburgische Rentkammer</subfield>
         </datafield>
         <datafield tag="410" ind1="2" ind2=" ">
            <subfield code="a">Fürst von Isenburg, Archiv und Schloßbibliothek</subfield>
         </datafield>
         <datafield tag="622" ind1=" " ind2=" ">
            <subfield code="e">Fürst von Ysenburgisches Archiv und,  Schlossbibliothek, Schloss, 63633 Birstein, Germany</subfield>
            <subfield code="u">http://isenburg.de</subfield>
         </datafield>
      </record>