
      <record>
         <leader>00000nz  a2200169   4500</leader>
         <controlfield tag="001">30001090</controlfield>
         <controlfield tag="003">RISM</controlfield>
         <controlfield tag="005">20160216</controlfield>
         <controlfield tag="008">160216n||az|||||||##########||||||||||||</controlfield>
         <datafield tag="040" ind1=" " ind2=" ">
            <subfield code="a">D-BIT</subfield>
         </datafield>
         <datafield tag="043" ind1=" " ind2=" ">
            <subfield code="c">XA-DE</subfield>
         </datafield>
         <datafield tag="110" ind1="2" ind2=" ">
            <subfield code="a">Kreismuseum</subfield>
            <subfield code="c">Bitterfeld-Wolfen</subfield>
            <subfield code="g">D-BIT</subfield>
         </datafield>
         <datafield tag="410" ind1="2" ind2=" ">
            <subfield code="a">Stadtmuseum</subfield>
         </datafield>
         <datafield tag="622" ind1=" " ind2=" ">
            <subfield code="e">Kreismuseum, Kirchplatz 3, 06749 Bitterfeld-Wolfen, Germany</subfield>
            <subfield code="u">http://www.kreismuseum-bitterfeld.de/index.html</subfield>
         </datafield>
      </record>