
      <record>
         <leader>00000nz  a2200169   4500</leader>
         <controlfield tag="001">30000688</controlfield>
         <controlfield tag="003">RISM</controlfield>
         <controlfield tag="005">20160216</controlfield>
         <controlfield tag="008">160216n||az|||||||##########||||||||||||</controlfield>
         <datafield tag="040" ind1=" " ind2=" ">
            <subfield code="a">D-BK</subfield>
         </datafield>
         <datafield tag="043" ind1=" " ind2=" ">
            <subfield code="c">XA-DE</subfield>
         </datafield>
         <datafield tag="110" ind1="2" ind2=" ">
            <subfield code="a">St. Nikolaus-Hospital/ Cusanusstift, Bibliothek</subfield>
            <subfield code="c">Bernkastel-Kues</subfield>
            <subfield code="g">D-BK</subfield>
         </datafield>
         <datafield tag="622" ind1=" " ind2=" ">
            <subfield code="e">St. Nikolaus-Hospital/ Cusanusstift,,  Bibliothek, Cusanusstr. 2, 54470 Bernkastel-Kues, Germany</subfield>
            <subfield code="u">http://www.cusanus.de/</subfield>
         </datafield>
      </record>