
      <record>
         <leader>00000nz  a2200169   4500</leader>
         <controlfield tag="001">30002727</controlfield>
         <controlfield tag="003">RISM</controlfield>
         <controlfield tag="005">20160216</controlfield>
         <controlfield tag="008">160216n||az|||||||##########||||||||||||</controlfield>
         <datafield tag="040" ind1=" " ind2=" ">
            <subfield code="a">D-Bkh</subfield>
         </datafield>
         <datafield tag="043" ind1=" " ind2=" ">
            <subfield code="c">XA-DE</subfield>
         </datafield>
         <datafield tag="110" ind1="2" ind2=" ">
            <subfield code="a">Evangelische Hochschule, Bibliothek</subfield>
            <subfield code="c">Berlin</subfield>
            <subfield code="g">D-Bkh</subfield>
         </datafield>
         <datafield tag="410" ind1="2" ind2=" ">
            <subfield code="a">Kirchliche Hochschule, Bibliothek</subfield>
         </datafield>
         <datafield tag="622" ind1=" " ind2=" ">
            <subfield code="e">Evangelische Hochschule, Bibliothek, Teltower Damm 118-122, 14167 Berlin, Germany</subfield>
            <subfield code="u">http://www.eh-berlin.de/hochschule/bibliothek/schlagzeilen.html</subfield>
         </datafield>
      </record>