
      <record>
         <leader>00000nz  a2200169   4500</leader>
         <controlfield tag="001">30001091</controlfield>
         <controlfield tag="003">RISM</controlfield>
         <controlfield tag="005">20160216</controlfield>
         <controlfield tag="008">160216n||az|||||||##########||||||||||||</controlfield>
         <datafield tag="040" ind1=" " ind2=" ">
            <subfield code="a">D-BKÖ</subfield>
         </datafield>
         <datafield tag="043" ind1=" " ind2=" ">
            <subfield code="c">XA-DE</subfield>
         </datafield>
         <datafield tag="110" ind1="2" ind2=" ">
            <subfield code="a">Evangelisch-Lutherische Kirchengemeinde, Pfarrarchiv</subfield>
            <subfield code="c">Bad Köstritz</subfield>
            <subfield code="g">D-BKÖ</subfield>
         </datafield>
         <datafield tag="622" ind1=" " ind2=" ">
            <subfield code="e">Evangelisch-Lutherische Kirchengemeinde,,  Pfarrarchiv, Am Kirchberg 3, 07586 Bad Köstritz, Germany</subfield>
         </datafield>
      </record>