
      <record>
         <leader>00000nz  a2200169   4500</leader>
         <controlfield tag="001">30002865</controlfield>
         <controlfield tag="003">RISM</controlfield>
         <controlfield tag="005">20160216</controlfield>
         <controlfield tag="008">160216n||az|||||||##########||||||||||||</controlfield>
         <datafield tag="040" ind1=" " ind2=" ">
            <subfield code="a">D-Bkon</subfield>
         </datafield>
         <datafield tag="043" ind1=" " ind2=" ">
            <subfield code="c">XA-DE</subfield>
         </datafield>
         <datafield tag="110" ind1="2" ind2=" ">
            <subfield code="a">Konsistorium, Bibliothek</subfield>
            <subfield code="c">Berlin</subfield>
            <subfield code="g">D-Bkon</subfield>
         </datafield>
         <datafield tag="622" ind1=" " ind2=" ">
            <subfield code="e">Konsistorium, Bibliothek, Georgenkirchstraße 69, 10249 Berlin, Germany</subfield>
            <subfield code="u">http://www.ekbo.de/wir/landeskirche/konsistorium.html</subfield>
         </datafield>
      </record>