
      <record>
         <leader>00000nz  a2200169   4500</leader>
         <controlfield tag="001">30001092</controlfield>
         <controlfield tag="003">RISM</controlfield>
         <controlfield tag="005">20160216</controlfield>
         <controlfield tag="008">160216n||az|||||||##########||||||||||||</controlfield>
         <datafield tag="040" ind1=" " ind2=" ">
            <subfield code="a">D-BKÖs</subfield>
         </datafield>
         <datafield tag="043" ind1=" " ind2=" ">
            <subfield code="c">XA-DE</subfield>
         </datafield>
         <datafield tag="110" ind1="2" ind2=" ">
            <subfield code="a">Forschungs- und Gedenkstätte im Geburtshaus des Komponisten Heinrich-Schütz-Haus</subfield>
            <subfield code="c">Bad Köstritz</subfield>
            <subfield code="g">D-BKÖs</subfield>
         </datafield>
         <datafield tag="622" ind1=" " ind2=" ">
            <subfield code="e">Forschungs- und Gedenkstätte im,  Geburtshaus des Komponisten,  Heinrich-Schütz-Haus, Heinrich-Schütz-Str. 1, 07586 Bad Köstritz, Germany</subfield>
            <subfield code="u">http://www.heinrich-schuetz-haus.de/</subfield>
         </datafield>
      </record>