
      <record>
         <leader>00000nz  a2200169   4500</leader>
         <controlfield tag="001">30003653</controlfield>
         <controlfield tag="003">RISM</controlfield>
         <controlfield tag="005">20160216</controlfield>
         <controlfield tag="008">160216n||az|||||||##########||||||||||||</controlfield>
         <datafield tag="040" ind1=" " ind2=" ">
            <subfield code="a">D-Bla</subfield>
         </datafield>
         <datafield tag="043" ind1=" " ind2=" ">
            <subfield code="c">XA-DE</subfield>
         </datafield>
         <datafield tag="110" ind1="2" ind2=" ">
            <subfield code="a">Landesarchiv</subfield>
            <subfield code="c">Berlin</subfield>
            <subfield code="g">D-Bla</subfield>
         </datafield>
         <datafield tag="410" ind1="2" ind2=" ">
            <subfield code="a">Staatsarchiv des Landes Berlin</subfield>
         </datafield>
         <datafield tag="622" ind1=" " ind2=" ">
            <subfield code="e">Landesarchiv, Eichborndamm 115-121, 13403 Berlin, Germany</subfield>
            <subfield code="u">http://www.landesarchiv-berlin.de</subfield>
         </datafield>
      </record>