
      <record>
         <leader>00000nz  a2200169   4500</leader>
         <controlfield tag="001">30080595</controlfield>
         <controlfield tag="003">RISM</controlfield>
         <controlfield tag="005">20160216</controlfield>
         <controlfield tag="008">160216n||az|||||||##########||||||||||||</controlfield>
         <datafield tag="040" ind1=" " ind2=" ">
            <subfield code="a">D-BLAUd</subfield>
         </datafield>
         <datafield tag="043" ind1=" " ind2=" ">
            <subfield code="c">XA-DE</subfield>
         </datafield>
         <datafield tag="110" ind1="2" ind2=" ">
            <subfield code="a">Evangelisches Dekanatamt</subfield>
            <subfield code="c">Blaufelden</subfield>
            <subfield code="g">D-BLAUd</subfield>
         </datafield>
         <datafield tag="622" ind1=" " ind2=" ">
            <subfield code="e">Evangelisches Dekanatamt, Hauptstraße 11, 74572 Blaufelden, Germany</subfield>
            <subfield code="u">http://www.kirchenbezirk-blaufelden.de/kirchenbezirk/dekanatamt/</subfield>
         </datafield>
      </record>