
      <record>
         <leader>00000nz  a2200169   4500</leader>
         <controlfield tag="001">30077749</controlfield>
         <controlfield tag="003">RISM</controlfield>
         <controlfield tag="005">20160216</controlfield>
         <controlfield tag="008">160216n||az|||||||##########||||||||||||</controlfield>
         <datafield tag="040" ind1=" " ind2=" ">
            <subfield code="a">D-BLerp</subfield>
         </datafield>
         <datafield tag="043" ind1=" " ind2=" ">
            <subfield code="c">XA-DE</subfield>
         </datafield>
         <datafield tag="110" ind1="2" ind2=" ">
            <subfield code="a">Evangelisch-Reformierte Kirchengemeinde, Pfarramt</subfield>
            <subfield code="c">Bad Laasphe</subfield>
            <subfield code="g">D-BLerp</subfield>
         </datafield>
         <datafield tag="622" ind1=" " ind2=" ">
            <subfield code="e">Evangelisch-Reformierte Kirchengemeinde,,  Pfarramt, Bäderborn 32, 57334 Bad Laasphe, Germany</subfield>
         </datafield>
      </record>