
      <record>
         <leader>00000nz  a2200169   4500</leader>
         <controlfield tag="001">30006415</controlfield>
         <controlfield tag="003">RISM</controlfield>
         <controlfield tag="005">20160216</controlfield>
         <controlfield tag="008">160216n||az|||||||##########||||||||||||</controlfield>
         <datafield tag="040" ind1=" " ind2=" ">
            <subfield code="a">D-BLfk</subfield>
         </datafield>
         <datafield tag="043" ind1=" " ind2=" ">
            <subfield code="c">XA-DE</subfield>
         </datafield>
         <datafield tag="110" ind1="2" ind2=" ">
            <subfield code="a">Archiv der Friedrich-Kiel-Gesellschaft e.V.</subfield>
            <subfield code="c">Bad Laasphe</subfield>
            <subfield code="g">D-BLfk</subfield>
         </datafield>
         <datafield tag="580" ind1=" " ind2=" ">
            <subfield code="x">D-Budka</subfield>
            <subfield code="0">30006087</subfield>
         </datafield>
         <datafield tag="622" ind1=" " ind2=" ">
            <subfield code="e">Friedrich-Kiel-Gesellschaft e.V., Ithstraße 20, 31863 Coppenbrügge, Germany</subfield>
            <subfield code="u">http://www.friedrich-kiel-gesellschaft.de/</subfield>
         </datafield>
      </record>