
      <record>
         <leader>00000nz  a2200169   4500</leader>
         <controlfield tag="001">30000662</controlfield>
         <controlfield tag="003">RISM</controlfield>
         <controlfield tag="005">20160216</controlfield>
         <controlfield tag="008">160216n||az|||||||##########||||||||||||</controlfield>
         <datafield tag="040" ind1=" " ind2=" ">
            <subfield code="a">D-Blk</subfield>
         </datafield>
         <datafield tag="043" ind1=" " ind2=" ">
            <subfield code="c">XA-DE</subfield>
         </datafield>
         <datafield tag="110" ind1="2" ind2=" ">
            <subfield code="a">Bezirks-Lehrerbibliothek Kreuzberg</subfield>
            <subfield code="c">Berlin</subfield>
            <subfield code="g">D-Blk</subfield>
         </datafield>
         <datafield tag="580" ind1=" " ind2=" ">
            <subfield code="x">D-Btu</subfield>
            <subfield code="0">30000666</subfield>
         </datafield>
      </record>