
      <record>
         <leader>00000nz  a2200169   4500</leader>
         <controlfield tag="001">30003780</controlfield>
         <controlfield tag="003">RISM</controlfield>
         <controlfield tag="005">20160216</controlfield>
         <controlfield tag="008">160216n||az|||||||##########||||||||||||</controlfield>
         <datafield tag="040" ind1=" " ind2=" ">
            <subfield code="a">D-BLSb</subfield>
         </datafield>
         <datafield tag="043" ind1=" " ind2=" ">
            <subfield code="c">XA-DE</subfield>
         </datafield>
         <datafield tag="110" ind1="2" ind2=" ">
            <subfield code="a">Evangelische Kirchengemeinde St. Bonifacii, Pfarrarchiv</subfield>
            <subfield code="c">Bad Langensalza</subfield>
            <subfield code="g">D-BLSb</subfield>
         </datafield>
         <datafield tag="622" ind1=" " ind2=" ">
            <subfield code="e">Evangelische Kirchengemeinde St.,  Bonifacii, Pfarrarchiv, Pfarrstelle Bad Langensalza, Auf dem Berge 9, 99947 Bad Langensalza, Germany</subfield>
            <subfield code="u">http://www.ekmd.de/kirche/kirchenkreise/3115.html?expanded=3271#3271</subfield>
         </datafield>
      </record>