
      <record>
         <leader>00000nz  a2200169   4500</leader>
         <controlfield tag="001">30002871</controlfield>
         <controlfield tag="003">RISM</controlfield>
         <controlfield tag="005">20160216</controlfield>
         <controlfield tag="008">160216n||az|||||||##########||||||||||||</controlfield>
         <datafield tag="040" ind1=" " ind2=" ">
            <subfield code="a">D-BLST</subfield>
         </datafield>
         <datafield tag="043" ind1=" " ind2=" ">
            <subfield code="c">XA-DE</subfield>
         </datafield>
         <datafield tag="110" ind1="2" ind2=" ">
            <subfield code="a">Evangelische Kirchengemeinde Bad Lauchstädt, Pfarrarchiv</subfield>
            <subfield code="c">Bad Lauchstädt</subfield>
            <subfield code="g">D-BLST</subfield>
         </datafield>
         <datafield tag="622" ind1=" " ind2=" ">
            <subfield code="e">Evangelische Kirchengemeinde Bad,  Lauchstädt, Pfarrarchiv, Pfarrstelle Bad Lauchstädt-Schafstädt, Querfurter Straße 6, 06246 Bad Lauchstädt, Germany</subfield>
            <subfield code="u">http://www.ekmd.de/kirche/kirchenkreise/3124.html?expanded=3503#3503</subfield>
         </datafield>
      </record>