
      <record>
         <leader>00000nz  a2200169   4500</leader>
         <controlfield tag="001">30005950</controlfield>
         <controlfield tag="003">RISM</controlfield>
         <controlfield tag="005">20160216</controlfield>
         <controlfield tag="008">160216n||az|||||||##########||||||||||||</controlfield>
         <datafield tag="040" ind1=" " ind2=" ">
            <subfield code="a">D-BLw</subfield>
         </datafield>
         <datafield tag="043" ind1=" " ind2=" ">
            <subfield code="c">XA-DE</subfield>
         </datafield>
         <datafield tag="110" ind1="2" ind2=" ">
            <subfield code="a">Fürstliches Archiv zu Sayn-Wittgenstein-Hohenstein - Rentkammer Wittgenstein</subfield>
            <subfield code="c">Bad Laasphe</subfield>
            <subfield code="g">D-BLw</subfield>
         </datafield>
         <datafield tag="410" ind1="2" ind2=" ">
            <subfield code="a">Familienarchiv des Fürstlichen Hauses Sayn-Wittgenstein-Hohenstein zu Wittgenstein</subfield>
         </datafield>
         <datafield tag="622" ind1=" " ind2=" ">
            <subfield code="e">Fürstliches Archiv zu Sayn-Wittgenstein, -Hohenstein - Rentkammer Wittgenstein, Schloss Wittgenstein 4, 57334 Bad Laasphe, Germany</subfield>
         </datafield>
      </record>