
      <record>
         <leader>00000nz  a2200169   4500</leader>
         <controlfield tag="001">30003258</controlfield>
         <controlfield tag="003">RISM</controlfield>
         <controlfield tag="005">20160216</controlfield>
         <controlfield tag="008">160216n||az|||||||##########||||||||||||</controlfield>
         <datafield tag="040" ind1=" " ind2=" ">
            <subfield code="a">D-Bmb</subfield>
         </datafield>
         <datafield tag="043" ind1=" " ind2=" ">
            <subfield code="c">XA-DE</subfield>
         </datafield>
         <datafield tag="110" ind1="2" ind2=" ">
            <subfield code="a">Internationale Musikbibliothek, Verband Deutscher Komponisten und Musikwissenschaftler</subfield>
            <subfield code="c">Berlin</subfield>
            <subfield code="g">D-Bmb</subfield>
         </datafield>
         <datafield tag="410" ind1="2" ind2=" ">
            <subfield code="a">Internationale Musikleihbibliothek</subfield>
         </datafield>
         <datafield tag="580" ind1=" " ind2=" ">
            <subfield code="x">D-Bdhm</subfield>
            <subfield code="0">30003254</subfield>
         </datafield>
      </record>