
      <record>
         <leader>00000nz  a2200169   4500</leader>
         <controlfield tag="001">30080551</controlfield>
         <controlfield tag="003">RISM</controlfield>
         <controlfield tag="005">20160216</controlfield>
         <controlfield tag="008">160216n||az|||||||##########||||||||||||</controlfield>
         <datafield tag="040" ind1=" " ind2=" ">
            <subfield code="a">D-BMbm</subfield>
         </datafield>
         <datafield tag="043" ind1=" " ind2=" ">
            <subfield code="c">XA-DE</subfield>
         </datafield>
         <datafield tag="110" ind1="2" ind2=" ">
            <subfield code="a">Archiv "Bremische Musikgeschichte"</subfield>
            <subfield code="c">Bremen</subfield>
            <subfield code="g">D-BMbm</subfield>
         </datafield>
         <datafield tag="580" ind1=" " ind2=" ">
            <subfield code="x">D-BMim</subfield>
            <subfield code="0">30080615</subfield>
         </datafield>
         <datafield tag="622" ind1=" " ind2=" ">
            <subfield code="e">Archiv "Bremische Musikgeschichte", Enrique-Schmidt-Straße 3, 28195 Bremen, Germany</subfield>
            <subfield code="u">http://www.bremen.de/archiv-bremische-musikgeschichte-334259</subfield>
         </datafield>
      </record>