
      <record>
         <leader>00000nz  a2200169   4500</leader>
         <controlfield tag="001">30000690</controlfield>
         <controlfield tag="003">RISM</controlfield>
         <controlfield tag="005">20160216</controlfield>
         <controlfield tag="008">160216n||az|||||||##########||||||||||||</controlfield>
         <datafield tag="040" ind1=" " ind2=" ">
            <subfield code="a">D-BMek</subfield>
         </datafield>
         <datafield tag="043" ind1=" " ind2=" ">
            <subfield code="c">XA-DE</subfield>
         </datafield>
         <datafield tag="110" ind1="2" ind2=" ">
            <subfield code="a">Bremische Evangelische Kirche, Landeskirchliche Bibliothek</subfield>
            <subfield code="c">Bremen</subfield>
            <subfield code="g">D-BMek</subfield>
         </datafield>
         <datafield tag="622" ind1=" " ind2=" ">
            <subfield code="e">Bremische Evangelische Kirche,,  Landeskirchliche Bibliothek, Haus der Kirche, Franziuseck 2-4, 28199 Bremen, Germany</subfield>
            <subfield code="u">http://www.kirche-bremen.de/orte/bibliothek/kontakt.php</subfield>
         </datafield>
      </record>