
      <record>
         <leader>00000nz  a2200169   4500</leader>
         <controlfield tag="001">30004145</controlfield>
         <controlfield tag="003">RISM</controlfield>
         <controlfield tag="005">20160216</controlfield>
         <controlfield tag="008">160216n||az|||||||##########||||||||||||</controlfield>
         <datafield tag="040" ind1=" " ind2=" ">
            <subfield code="a">D-BMHm</subfield>
         </datafield>
         <datafield tag="043" ind1=" " ind2=" ">
            <subfield code="c">XA-DE</subfield>
         </datafield>
         <datafield tag="110" ind1="2" ind2=" ">
            <subfield code="a">Stadtbibliothek, Zentralbibliothek</subfield>
            <subfield code="c">Bremerhaven</subfield>
            <subfield code="g">D-BMHm</subfield>
         </datafield>
         <datafield tag="410" ind1="2" ind2=" ">
            <subfield code="a">Musikabteilung</subfield>
         </datafield>
         <datafield tag="622" ind1=" " ind2=" ">
            <subfield code="e">Stadtbibliothek, Zentralbibliothek, Hanse Carré, 2. Obergeschoss, Bürgermeister-Smidt-Str. 10, 27568 Bremerhaven, Germany</subfield>
            <subfield code="u">http://www.stadtbibliothek-bremerhaven.de/standorte/zentralbibliothek/musikabteilung.html</subfield>
         </datafield>
      </record>