
      <record>
         <leader>00000nz  a2200169   4500</leader>
         <controlfield tag="001">30001080</controlfield>
         <controlfield tag="003">RISM</controlfield>
         <controlfield tag="005">20160216</controlfield>
         <controlfield tag="008">160216n||az|||||||##########||||||||||||</controlfield>
         <datafield tag="040" ind1=" " ind2=" ">
            <subfield code="a">D-Bmi</subfield>
         </datafield>
         <datafield tag="043" ind1=" " ind2=" ">
            <subfield code="c">XA-DE</subfield>
         </datafield>
         <datafield tag="110" ind1="2" ind2=" ">
            <subfield code="a">Humboldt-Universität zu Berlin, Universitätsbibliothek, Zweigbibliothek Musikwissenschaft</subfield>
            <subfield code="c">Berlin</subfield>
            <subfield code="g">D-Bmi</subfield>
         </datafield>
         <datafield tag="622" ind1=" " ind2=" ">
            <subfield code="e">Humboldt-Universität zu Berlin,,  Universitätsbibliothek, Zweigbibliothek,  Musikwissenschaft, Am Kupfergraben 5, 10117 Berlin, Germany</subfield>
            <subfield code="u">http://www.ub.hu-berlin.de/de/standorte/zwbmusikwissenschaft</subfield>
         </datafield>
      </record>