
      <record>
         <leader>00000nz  a2200169   4500</leader>
         <controlfield tag="001">30001081</controlfield>
         <controlfield tag="003">RISM</controlfield>
         <controlfield tag="005">20160216</controlfield>
         <controlfield tag="008">160216n||az|||||||##########||||||||||||</controlfield>
         <datafield tag="040" ind1=" " ind2=" ">
            <subfield code="a">D-Bmm</subfield>
         </datafield>
         <datafield tag="043" ind1=" " ind2=" ">
            <subfield code="c">XA-DE</subfield>
         </datafield>
         <datafield tag="110" ind1="2" ind2=" ">
            <subfield code="a">Märkisches Museum</subfield>
            <subfield code="c">Berlin</subfield>
            <subfield code="g">D-Bmm</subfield>
         </datafield>
         <datafield tag="410" ind1="2" ind2=" ">
            <subfield code="a">Stiftung Stadtmuseum Berlin</subfield>
         </datafield>
         <datafield tag="410" ind1="2" ind2=" ">
            <subfield code="a">Stadtmuseum, Landesmuseum für Kultur und Geschichte Berlins</subfield>
         </datafield>
         <datafield tag="622" ind1=" " ind2=" ">
            <subfield code="e">Märkisches Museum, Am Köllnischen Park 5, 10179 Berlin, Germany</subfield>
            <subfield code="u">http://www.stadtmuseum.de/maerkisches-museum</subfield>
         </datafield>
      </record>