
      <record>
         <leader>00000nz  a2200169   4500</leader>
         <controlfield tag="001">30000691</controlfield>
         <controlfield tag="003">RISM</controlfield>
         <controlfield tag="005">20160216</controlfield>
         <controlfield tag="008">160216n||az|||||||##########||||||||||||</controlfield>
         <datafield tag="040" ind1=" " ind2=" ">
            <subfield code="a">D-BMs</subfield>
         </datafield>
         <datafield tag="043" ind1=" " ind2=" ">
            <subfield code="c">XA-DE</subfield>
         </datafield>
         <datafield tag="110" ind1="2" ind2=" ">
            <subfield code="a">Staats- und Universitätsbibliothek</subfield>
            <subfield code="c">Bremen</subfield>
            <subfield code="g">D-BMs</subfield>
         </datafield>
         <datafield tag="622" ind1=" " ind2=" ">
            <subfield code="e">Staats- und Universitätsbibliothek, Zentrale, Bibliothekstraße, 28359 Bremen, Germany</subfield>
            <subfield code="u">http://www.suub.uni-bremen.de/</subfield>
         </datafield>
      </record>