
      <record>
         <leader>00000nz  a2200169   4500</leader>
         <controlfield tag="001">30080632</controlfield>
         <controlfield tag="003">RISM</controlfield>
         <controlfield tag="005">20160216</controlfield>
         <controlfield tag="008">160216n||az|||||||##########||||||||||||</controlfield>
         <datafield tag="040" ind1=" " ind2=" ">
            <subfield code="a">D-BMsdi</subfield>
         </datafield>
         <datafield tag="043" ind1=" " ind2=" ">
            <subfield code="c">XA-DE</subfield>
         </datafield>
         <datafield tag="110" ind1="2" ind2=" ">
            <subfield code="a">Sophie Drinker Institut, Bibliothek</subfield>
            <subfield code="c">Bremen</subfield>
            <subfield code="g">D-BMsdi</subfield>
         </datafield>
         <datafield tag="622" ind1=" " ind2=" ">
            <subfield code="e">Sophie Drinker Institut, Bibliothek, Außer der Schleifmühle 28, 28203 Bremen, Germany</subfield>
            <subfield code="u">http://www.sophie-drinker-institut.de/cms/index.php/startseite</subfield>
         </datafield>
      </record>