
      <record>
         <leader>00000nz  a2200169   4500</leader>
         <controlfield tag="001">30000692</controlfield>
         <controlfield tag="003">RISM</controlfield>
         <controlfield tag="005">20160216</controlfield>
         <controlfield tag="008">160216n||az|||||||##########||||||||||||</controlfield>
         <datafield tag="040" ind1=" " ind2=" ">
            <subfield code="a">D-BNba</subfield>
         </datafield>
         <datafield tag="043" ind1=" " ind2=" ">
            <subfield code="c">XA-DE</subfield>
         </datafield>
         <datafield tag="110" ind1="2" ind2=" ">
            <subfield code="a">Beethoven-Haus, Forschungszentrum Beethoven-Archiv</subfield>
            <subfield code="c">Bonn</subfield>
            <subfield code="g">D-BNba</subfield>
         </datafield>
         <datafield tag="410" ind1="2" ind2=" ">
            <subfield code="a">Beethoven-Haus, Bibliothek</subfield>
         </datafield>
         <datafield tag="622" ind1=" " ind2=" ">
            <subfield code="e">Beethoven-Haus, Forschungszentrum,  Beethoven-Archiv, Bonngasse 24-26, 53111 Bonn, Germany</subfield>
            <subfield code="u">http://www.beethoven-haus-bonn.de</subfield>
         </datafield>
         <datafield tag="710" ind1="2" ind2=" ">
            <subfield code="a">Schott Music GmbH &amp; Co. KG, Verlagsarchiv</subfield>
            <subfield code="0">30000931</subfield>
         </datafield>
      </record>