
      <record>
         <leader>00000nz  a2200169   4500</leader>
         <controlfield tag="001">30002738</controlfield>
         <controlfield tag="003">RISM</controlfield>
         <controlfield tag="005">20160216</controlfield>
         <controlfield tag="008">160216n||az|||||||##########||||||||||||</controlfield>
         <datafield tag="040" ind1=" " ind2=" ">
            <subfield code="a">D-BNca</subfield>
         </datafield>
         <datafield tag="043" ind1=" " ind2=" ">
            <subfield code="c">XA-DE</subfield>
         </datafield>
         <datafield tag="110" ind1="2" ind2=" ">
            <subfield code="a">Erzbischöfliches Theologenkonvikt Collegium Albertinum, Bibliothek</subfield>
            <subfield code="c">Bonn</subfield>
            <subfield code="g">D-BNca</subfield>
         </datafield>
         <datafield tag="622" ind1=" " ind2=" ">
            <subfield code="e">Erzbischöfliches Theologenkonvikt, Collegium Albertinum, Bibliothek, Adenauerallee 19, 53111 Bonn, Germany</subfield>
            <subfield code="u">http://www.erzbistum-koeln.de/erzbistum/menschen/albertinum/</subfield>
         </datafield>
      </record>