
      <record>
         <leader>00000nz  a2200169   4500</leader>
         <controlfield tag="001">30000693</controlfield>
         <controlfield tag="003">RISM</controlfield>
         <controlfield tag="005">20160216</controlfield>
         <controlfield tag="008">160216n||az|||||||##########||||||||||||</controlfield>
         <datafield tag="040" ind1=" " ind2=" ">
            <subfield code="a">D-BNek</subfield>
         </datafield>
         <datafield tag="043" ind1=" " ind2=" ">
            <subfield code="c">XA-DE</subfield>
         </datafield>
         <datafield tag="110" ind1="2" ind2=" ">
            <subfield code="a">Evangelischer Gemeinde- und Kirchenkreisverband</subfield>
            <subfield code="c">Bonn</subfield>
            <subfield code="g">D-BNek</subfield>
         </datafield>
         <datafield tag="410" ind1="2" ind2=" ">
            <subfield code="a">Gemeindeverband der Evangelischen Kirche</subfield>
         </datafield>
         <datafield tag="622" ind1=" " ind2=" ">
            <subfield code="e">Evangelischer Gemeinde- und,  Kirchenkreisverband, Haus der Evangelischen Kirche, Adenauerallee 37, 53113 Bonn, Germany</subfield>
            <subfield code="u">http://www.bonn-evangelisch.de/</subfield>
         </datafield>
      </record>