
      <record>
         <leader>00000nz  a2200169   4500</leader>
         <controlfield tag="001">30006237</controlfield>
         <controlfield tag="003">RISM</controlfield>
         <controlfield tag="005">20160216</controlfield>
         <controlfield tag="008">160216n||az|||||||##########||||||||||||</controlfield>
         <datafield tag="040" ind1=" " ind2=" ">
            <subfield code="a">D-BNkg</subfield>
         </datafield>
         <datafield tag="043" ind1=" " ind2=" ">
            <subfield code="c">XA-DE</subfield>
         </datafield>
         <datafield tag="110" ind1="2" ind2=" ">
            <subfield code="a">Die Künstlergilde e. V., Musikarchiv</subfield>
            <subfield code="c">Bonn</subfield>
            <subfield code="g">D-BNkg</subfield>
         </datafield>
         <datafield tag="622" ind1=" " ind2=" ">
            <subfield code="e">Die Künstlergilde e. V., Musikarchiv, Kennedyallee 105-107, 53175 Bonn, Germany</subfield>
         </datafield>
      </record>