
      <record>
         <leader>00000nz  a2200169   4500</leader>
         <controlfield tag="001">30000694</controlfield>
         <controlfield tag="003">RISM</controlfield>
         <controlfield tag="005">20160216</controlfield>
         <controlfield tag="008">160216n||az|||||||##########||||||||||||</controlfield>
         <datafield tag="040" ind1=" " ind2=" ">
            <subfield code="a">D-BNms</subfield>
         </datafield>
         <datafield tag="043" ind1=" " ind2=" ">
            <subfield code="c">XA-DE</subfield>
         </datafield>
         <datafield tag="110" ind1="2" ind2=" ">
            <subfield code="a">Musikwissenschaftliches Seminar der Rheinischen Friedrich-Wilhelm-Universität</subfield>
            <subfield code="c">Bonn</subfield>
            <subfield code="g">D-BNms</subfield>
         </datafield>
         <datafield tag="622" ind1=" " ind2=" ">
            <subfield code="e">Musikwissenschaftliches Seminar der,  Rheinischen,  Friedrich-Wilhelm-Universität, Adenauerallee 4-6, 53113 Bonn, Germany</subfield>
            <subfield code="u">http://www.musikwissenschaft.uni-bonn.de</subfield>
         </datafield>
      </record>