
      <record>
         <leader>00000nz  a2200169   4500</leader>
         <controlfield tag="001">30000695</controlfield>
         <controlfield tag="003">RISM</controlfield>
         <controlfield tag="005">20160216</controlfield>
         <controlfield tag="008">160216n||az|||||||##########||||||||||||</controlfield>
         <datafield tag="040" ind1=" " ind2=" ">
            <subfield code="a">D-BNsa</subfield>
         </datafield>
         <datafield tag="043" ind1=" " ind2=" ">
            <subfield code="c">XA-DE</subfield>
         </datafield>
         <datafield tag="110" ind1="2" ind2=" ">
            <subfield code="a">Stadtarchiv und Stadthistorische Bibliothek</subfield>
            <subfield code="c">Bonn</subfield>
            <subfield code="g">D-BNsa</subfield>
         </datafield>
         <datafield tag="410" ind1="2" ind2=" ">
            <subfield code="a">Stadtarchiv und Wissenschaftliche Stadtbibliothek</subfield>
         </datafield>
         <datafield tag="622" ind1=" " ind2=" ">
            <subfield code="e">Stadtarchiv und Stadthistorische,  Bibliothek, Passage, Berliner Platz 2, 53103 Bonn, Germany</subfield>
            <subfield code="u">http://goo.gl/a06mNr</subfield>
         </datafield>
      </record>