
      <record>
         <leader>00000nz  a2200169   4500</leader>
         <controlfield tag="001">30000696</controlfield>
         <controlfield tag="003">RISM</controlfield>
         <controlfield tag="005">20160216</controlfield>
         <controlfield tag="008">160216n||az|||||||##########||||||||||||</controlfield>
         <datafield tag="040" ind1=" " ind2=" ">
            <subfield code="a">D-BNu</subfield>
         </datafield>
         <datafield tag="043" ind1=" " ind2=" ">
            <subfield code="c">XA-DE</subfield>
         </datafield>
         <datafield tag="110" ind1="2" ind2=" ">
            <subfield code="a">Universitäts- und Landesbibliothek</subfield>
            <subfield code="c">Bonn</subfield>
            <subfield code="g">D-BNu</subfield>
         </datafield>
         <datafield tag="410" ind1="2" ind2=" ">
            <subfield code="a">Universitätsbibliothek</subfield>
         </datafield>
         <datafield tag="622" ind1=" " ind2=" ">
            <subfield code="e">Universitäts- und Landesbibliothek, Adenauerallee 39-41, 53113 Bonn, Germany</subfield>
            <subfield code="u">http://www.ulb.uni-bonn.de/</subfield>
         </datafield>
      </record>