
      <record>
         <leader>00000nz  a2200169   4500</leader>
         <controlfield tag="001">30000697</controlfield>
         <controlfield tag="003">RISM</controlfield>
         <controlfield tag="005">20160216</controlfield>
         <controlfield tag="008">160216n||az|||||||##########||||||||||||</controlfield>
         <datafield tag="040" ind1=" " ind2=" ">
            <subfield code="a">D-BOCHa</subfield>
         </datafield>
         <datafield tag="043" ind1=" " ind2=" ">
            <subfield code="c">XA-DE</subfield>
         </datafield>
         <datafield tag="110" ind1="2" ind2=" ">
            <subfield code="a">Archiv Haus Laer</subfield>
            <subfield code="c">Bochum</subfield>
            <subfield code="g">D-BOCHa</subfield>
         </datafield>
         <datafield tag="622" ind1=" " ind2=" ">
            <subfield code="e">Archiv Haus Laer, Höfestraße 45, 44803 Bochum, Germany</subfield>
            <subfield code="u">http://www.rittergut-haus-laer.de/</subfield>
         </datafield>
      </record>