
      <record>
         <leader>00000nz  a2200169   4500</leader>
         <controlfield tag="001">30000698</controlfield>
         <controlfield tag="003">RISM</controlfield>
         <controlfield tag="005">20160216</controlfield>
         <controlfield tag="008">160216n||az|||||||##########||||||||||||</controlfield>
         <datafield tag="040" ind1=" " ind2=" ">
            <subfield code="a">D-BOCHb</subfield>
         </datafield>
         <datafield tag="043" ind1=" " ind2=" ">
            <subfield code="c">XA-DE</subfield>
         </datafield>
         <datafield tag="110" ind1="2" ind2=" ">
            <subfield code="a">Deutsches Bergbaumuseum, Montanhistorisches Dokumentationszentrum</subfield>
            <subfield code="c">Bochum</subfield>
            <subfield code="g">D-BOCHb</subfield>
         </datafield>
         <datafield tag="410" ind1="2" ind2=" ">
            <subfield code="a">Archiv - Bibliothek - Sammlung</subfield>
         </datafield>
         <datafield tag="622" ind1=" " ind2=" ">
            <subfield code="e">Deutsches Bergbaumuseum,,  Montanhistorisches,  Dokumentationszentrum, Am Bergbaumuseum 28, 44791 Bochum, Germany</subfield>
            <subfield code="u">http://www.bergbaumuseum.de/index.php/de/montan-dok</subfield>
         </datafield>
      </record>