
      <record>
         <leader>00000nz  a2200169   4500</leader>
         <controlfield tag="001">30000699</controlfield>
         <controlfield tag="003">RISM</controlfield>
         <controlfield tag="005">20160216</controlfield>
         <controlfield tag="008">160216n||az|||||||##########||||||||||||</controlfield>
         <datafield tag="040" ind1=" " ind2=" ">
            <subfield code="a">D-BOCHmi</subfield>
         </datafield>
         <datafield tag="043" ind1=" " ind2=" ">
            <subfield code="c">XA-DE</subfield>
         </datafield>
         <datafield tag="110" ind1="2" ind2=" ">
            <subfield code="a">Ruhr-Universität, Musikwissenschaftliches Institut, Bibliothek</subfield>
            <subfield code="c">Bochum</subfield>
            <subfield code="g">D-BOCHmi</subfield>
         </datafield>
         <datafield tag="580" ind1=" " ind2=" ">
            <subfield code="x">D-ESfuk</subfield>
            <subfield code="0">30080485</subfield>
         </datafield>
      </record>