
      <record>
         <leader>00000nz  a2200169   4500</leader>
         <controlfield tag="001">30001094</controlfield>
         <controlfield tag="003">RISM</controlfield>
         <controlfield tag="005">20160216</controlfield>
         <controlfield tag="008">160216n||az|||||||##########||||||||||||</controlfield>
         <datafield tag="040" ind1=" " ind2=" ">
            <subfield code="a">D-BORp</subfield>
         </datafield>
         <datafield tag="043" ind1=" " ind2=" ">
            <subfield code="c">XA-DE</subfield>
         </datafield>
         <datafield tag="110" ind1="2" ind2=" ">
            <subfield code="a">Evangelisch-Lutherische St.-Marien-Kirchgemeinde, Bibliothek</subfield>
            <subfield code="c">Borna</subfield>
            <subfield code="g">D-BORp</subfield>
         </datafield>
         <datafield tag="410" ind1="2" ind2=" ">
            <subfield code="a">Pfarrkirche, Bibliothek</subfield>
         </datafield>
         <datafield tag="622" ind1=" " ind2=" ">
            <subfield code="e">Evangelisch-Lutherische,  St.-Marien-Kirchgemeinde, Bibliothek, Gemeindehaus - Pfarramt, Martin-Luther-Platz 8, 04552 Borna, Germany</subfield>
            <subfield code="u">http://www.kirche-borna.de/</subfield>
         </datafield>
      </record>