
      <record>
         <leader>00000nz  a2200169   4500</leader>
         <controlfield tag="001">30003260</controlfield>
         <controlfield tag="003">RISM</controlfield>
         <controlfield tag="005">20160216</controlfield>
         <controlfield tag="008">160216n||az|||||||##########||||||||||||</controlfield>
         <datafield tag="040" ind1=" " ind2=" ">
            <subfield code="a">D-Br</subfield>
         </datafield>
         <datafield tag="043" ind1=" " ind2=" ">
            <subfield code="c">XA-DE</subfield>
         </datafield>
         <datafield tag="110" ind1="2" ind2=" ">
            <subfield code="a">Deutsches Rundfunkarchiv, Rundfunkarchive Ost</subfield>
            <subfield code="c">Berlin</subfield>
            <subfield code="g">D-Br</subfield>
         </datafield>
         <datafield tag="410" ind1="2" ind2=" ">
            <subfield code="a">Deutscher Demokratischer Rundfunk, Notenarchiv</subfield>
         </datafield>
         <datafield tag="580" ind1=" " ind2=" ">
            <subfield code="x">D-Brbbn</subfield>
            <subfield code="0">30080603</subfield>
         </datafield>
      </record>