
      <record>
         <leader>00000nz  a2200169   4500</leader>
         <controlfield tag="001">30077950</controlfield>
         <controlfield tag="003">RISM</controlfield>
         <controlfield tag="005">20160216</controlfield>
         <controlfield tag="008">160216n||az|||||||##########||||||||||||</controlfield>
         <datafield tag="040" ind1=" " ind2=" ">
            <subfield code="a">D-BRAsa</subfield>
         </datafield>
         <datafield tag="043" ind1=" " ind2=" ">
            <subfield code="c">XA-DE</subfield>
         </datafield>
         <datafield tag="110" ind1="2" ind2=" ">
            <subfield code="a">Stadtarchiv</subfield>
            <subfield code="c">Brackenheim</subfield>
            <subfield code="g">D-BRAsa</subfield>
         </datafield>
         <datafield tag="622" ind1=" " ind2=" ">
            <subfield code="e">Stadtarchiv, (Eingang über Schlosshof), Theodor-Heuss-Straße 2, 74336 Brackenheim, Germany</subfield>
            <subfield code="u">http://www.brackenheim.de/index.php?id=92</subfield>
         </datafield>
      </record>