
      <record>
         <leader>00000nz  a2200169   4500</leader>
         <controlfield tag="001">30002872</controlfield>
         <controlfield tag="003">RISM</controlfield>
         <controlfield tag="005">20160216</controlfield>
         <controlfield tag="008">160216n||az|||||||##########||||||||||||</controlfield>
         <datafield tag="040" ind1=" " ind2=" ">
            <subfield code="a">D-BRB</subfield>
         </datafield>
         <datafield tag="043" ind1=" " ind2=" ">
            <subfield code="c">XA-DE</subfield>
         </datafield>
         <datafield tag="110" ind1="2" ind2=" ">
            <subfield code="a">Evangelische Erlöserkirchengemeinde, Archiv</subfield>
            <subfield code="c">Braunsbedra</subfield>
            <subfield code="g">D-BRB</subfield>
         </datafield>
         <datafield tag="622" ind1=" " ind2=" ">
            <subfield code="e">Evangelische Erlöserkirchengemeinde,,  Archiv, Evangelisches Pfarramt, Pfarrstraße 7, 06242 Braunsbedra, Germany</subfield>
            <subfield code="u">http://www.evangelischekirchebraunsbedra.de/</subfield>
         </datafield>
      </record>