
      <record>
         <leader>00000nz  a2200169   4500</leader>
         <controlfield tag="001">30002739</controlfield>
         <controlfield tag="003">RISM</controlfield>
         <controlfield tag="005">20160216</controlfield>
         <controlfield tag="008">160216n||az|||||||##########||||||||||||</controlfield>
         <datafield tag="040" ind1=" " ind2=" ">
            <subfield code="a">D-BREm</subfield>
         </datafield>
         <datafield tag="043" ind1=" " ind2=" ">
            <subfield code="c">XA-DE</subfield>
         </datafield>
         <datafield tag="110" ind1="2" ind2=" ">
            <subfield code="a">Melanchthonhaus, Bibliothek</subfield>
            <subfield code="c">Bretten</subfield>
            <subfield code="g">D-BREm</subfield>
         </datafield>
         <datafield tag="410" ind1="2" ind2=" ">
            <subfield code="a">Melanchthon-Verein, Bibliothek</subfield>
         </datafield>
         <datafield tag="622" ind1=" " ind2=" ">
            <subfield code="e">Melanchthonhaus, Bibliothek, Melanchthonstr. 1, 75015 Bretten, Germany</subfield>
            <subfield code="u">http://www.melanchthon.com/</subfield>
         </datafield>
      </record>