
      <record>
         <leader>00000nz  a2200169   4500</leader>
         <controlfield tag="001">30079288</controlfield>
         <controlfield tag="003">RISM</controlfield>
         <controlfield tag="005">20160216</controlfield>
         <controlfield tag="008">160216n||az|||||||##########||||||||||||</controlfield>
         <datafield tag="040" ind1=" " ind2=" ">
            <subfield code="a">D-BRHpha</subfield>
         </datafield>
         <datafield tag="043" ind1=" " ind2=" ">
            <subfield code="c">XA-DE</subfield>
         </datafield>
         <datafield tag="110" ind1="2" ind2=" ">
            <subfield code="a">Bad Reichenhaller Philharmonie e.V., Archiv</subfield>
            <subfield code="c">Bad Reichenhall</subfield>
            <subfield code="g">D-BRHpha</subfield>
         </datafield>
         <datafield tag="622" ind1=" " ind2=" ">
            <subfield code="e">Bad Reichenhaller Philharmonie e.V.,,  Archiv, Salzburger Straße 7, 83435 Bad Reichenhall, Germany</subfield>
            <subfield code="u">http://www.bad-reichenhaller-philharmonie.de</subfield>
         </datafield>
      </record>