
      <record>
         <leader>00000nz  a2200169   4500</leader>
         <controlfield tag="001">30003778</controlfield>
         <controlfield tag="003">RISM</controlfield>
         <controlfield tag="005">20160216</controlfield>
         <controlfield tag="008">160216n||az|||||||##########||||||||||||</controlfield>
         <datafield tag="040" ind1=" " ind2=" ">
            <subfield code="a">D-BRRp</subfield>
         </datafield>
         <datafield tag="043" ind1=" " ind2=" ">
            <subfield code="c">XA-DE</subfield>
         </datafield>
         <datafield tag="110" ind1="2" ind2=" ">
            <subfield code="a">Evangelische Kirchengemeinde Braunsroda, Pfarrarchiv</subfield>
            <subfield code="c">Braunsroda (An der Poststraße)</subfield>
            <subfield code="g">D-BRRp</subfield>
         </datafield>
         <datafield tag="622" ind1=" " ind2=" ">
            <subfield code="e">Evangelische Kirchengemeinde Braunsroda,,  Pfarrarchiv, Pfarramt, Dorfstraße 28, 06647 Braunsroda (An der Poststraße), Germany</subfield>
            <subfield code="u">http://www.ekmd.de/kirche/kirchenkreise/3122.html?expanded=3451#3451</subfield>
         </datafield>
      </record>