
      <record>
         <leader>00000nz  a2200169   4500</leader>
         <controlfield tag="001">30003774</controlfield>
         <controlfield tag="003">RISM</controlfield>
         <controlfield tag="005">20160216</controlfield>
         <controlfield tag="008">160216n||az|||||||##########||||||||||||</controlfield>
         <datafield tag="040" ind1=" " ind2=" ">
            <subfield code="a">D-BRSp</subfield>
         </datafield>
         <datafield tag="043" ind1=" " ind2=" ">
            <subfield code="c">XA-DE</subfield>
         </datafield>
         <datafield tag="110" ind1="2" ind2=" ">
            <subfield code="a">Evangelisch-Lutherische Marien- und Heilig-Kreuz-Kirchgemeinde, Pfarrarchiv</subfield>
            <subfield code="c">Bernstadt auf dem Eigen</subfield>
            <subfield code="g">D-BRSp</subfield>
         </datafield>
         <datafield tag="622" ind1=" " ind2=" ">
            <subfield code="e">Evangelisch-Lutherische Marien- und,  Heilig-Kreuz-Kirchgemeinde, Pfarrarchiv, Kirchgasse 3, 02748 Bernstadt auf dem Eigen, Germany</subfield>
            <subfield code="u">http://www.kirche-bernstadt.de/</subfield>
         </datafield>
      </record>