
      <record>
         <leader>00000nz  a2200169   4500</leader>
         <controlfield tag="001">30000701</controlfield>
         <controlfield tag="003">RISM</controlfield>
         <controlfield tag="005">20160216</controlfield>
         <controlfield tag="008">160216n||az|||||||##########||||||||||||</controlfield>
         <datafield tag="040" ind1=" " ind2=" ">
            <subfield code="a">D-BS</subfield>
         </datafield>
         <datafield tag="043" ind1=" " ind2=" ">
            <subfield code="c">XA-DE</subfield>
         </datafield>
         <datafield tag="110" ind1="2" ind2=" ">
            <subfield code="a">Stadtarchiv und Stadtbibliothek</subfield>
            <subfield code="c">Braunschweig</subfield>
            <subfield code="g">D-BS</subfield>
         </datafield>
         <datafield tag="410" ind1="2" ind2=" ">
            <subfield code="a">Öffentliche Bücherei (Stadtarchiv und Stadtbibliothek)</subfield>
         </datafield>
      </record>