
      <record>
         <leader>00000nz  a2200169   4500</leader>
         <controlfield tag="001">30080535</controlfield>
         <controlfield tag="003">RISM</controlfield>
         <controlfield tag="005">20160216</controlfield>
         <controlfield tag="008">160216n||az|||||||##########||||||||||||</controlfield>
         <datafield tag="040" ind1=" " ind2=" ">
            <subfield code="a">D-Bsbha</subfield>
         </datafield>
         <datafield tag="043" ind1=" " ind2=" ">
            <subfield code="c">XA-DE</subfield>
         </datafield>
         <datafield tag="110" ind1="2" ind2=" ">
            <subfield code="a">Staatsbibliothek zu Berlin - Preußischer Kulturbesitz, Handschriftenabteilung</subfield>
            <subfield code="c">Berlin</subfield>
            <subfield code="g">D-Bsbha</subfield>
         </datafield>
         <datafield tag="622" ind1=" " ind2=" ">
            <subfield code="e">Staatsbibliothek zu Berlin - Preußischer,  Kulturbesitz, Handschriftenabteilung, Potsdamer Str. 33, 10785 Berlin, Germany</subfield>
            <subfield code="u">http://staatsbibliothek-berlin.de/die-staatsbibliothek/abteilungen/handschriften/</subfield>
         </datafield>
      </record>