
      <record>
         <leader>00000nz  a2200169   4500</leader>
         <controlfield tag="001">30076948</controlfield>
         <controlfield tag="003">RISM</controlfield>
         <controlfield tag="005">20160216</controlfield>
         <controlfield tag="008">160216n||az|||||||##########||||||||||||</controlfield>
         <datafield tag="040" ind1=" " ind2=" ">
            <subfield code="a">D-BSbl</subfield>
         </datafield>
         <datafield tag="043" ind1=" " ind2=" ">
            <subfield code="c">XA-DE</subfield>
         </datafield>
         <datafield tag="110" ind1="2" ind2=" ">
            <subfield code="a">Braunschweigisches Landesmuseum, Bibliothek</subfield>
            <subfield code="c">Braunschweig</subfield>
            <subfield code="g">D-BSbl</subfield>
         </datafield>
         <datafield tag="410" ind1="2" ind2=" ">
            <subfield code="a">Niedersächsische Landesmuseen Braunschweig</subfield>
         </datafield>
         <datafield tag="622" ind1=" " ind2=" ">
            <subfield code="e">Braunschweigisches Landesmuseum,,  Bibliothek, Burgplatz 1, 38100 Braunschweig, Germany</subfield>
            <subfield code="u">http://www.landesmuseum-bs.de/</subfield>
         </datafield>
      </record>