
      <record>
         <leader>00000nz  a2200169   4500</leader>
         <controlfield tag="001">30003775</controlfield>
         <controlfield tag="003">RISM</controlfield>
         <controlfield tag="005">20160216</controlfield>
         <controlfield tag="008">160216n||az|||||||##########||||||||||||</controlfield>
         <datafield tag="040" ind1=" " ind2=" ">
            <subfield code="a">D-BSCHp</subfield>
         </datafield>
         <datafield tag="043" ind1=" " ind2=" ">
            <subfield code="c">XA-DE</subfield>
         </datafield>
         <datafield tag="110" ind1="2" ind2=" ">
            <subfield code="a">Evangelische Kirche, Pfarrarchiv</subfield>
            <subfield code="c">Bad Schmiedeberg</subfield>
            <subfield code="g">D-BSCHp</subfield>
         </datafield>
         <datafield tag="622" ind1=" " ind2=" ">
            <subfield code="e">Evangelische Kirche, Pfarrarchiv, Pfarrbüro, Kirchstr. 5, 06905 Bad Schmiedeberg, Germany</subfield>
            <subfield code="u">http://www.evkirche-bad-schmiedeberg.de/seite/219738/startseite.html</subfield>
         </datafield>
      </record>