
      <record>
         <leader>00000nz  a2200169   4500</leader>
         <controlfield tag="001">30080293</controlfield>
         <controlfield tag="003">RISM</controlfield>
         <controlfield tag="005">20160216</controlfield>
         <controlfield tag="008">160216n||az|||||||##########||||||||||||</controlfield>
         <datafield tag="040" ind1=" " ind2=" ">
            <subfield code="a">D-BSD</subfield>
         </datafield>
         <datafield tag="043" ind1=" " ind2=" ">
            <subfield code="c">XA-DE</subfield>
         </datafield>
         <datafield tag="110" ind1="2" ind2=" ">
            <subfield code="a">Stadtarchiv</subfield>
            <subfield code="c">Bad Soden am Taunus</subfield>
            <subfield code="g">D-BSD</subfield>
         </datafield>
         <datafield tag="622" ind1=" " ind2=" ">
            <subfield code="e">Stadtarchiv, Badehaus im Alten Kurpark, Königsteiner Straße 86, 65812 Bad Soden am Taunus, Germany</subfield>
            <subfield code="u">http://www.bad-soden.de/de/kunst-und-kultur/stadtarchiv.aspx</subfield>
         </datafield>
      </record>