
      <record>
         <leader>00000nz  a2200169   4500</leader>
         <controlfield tag="001">30061509</controlfield>
         <controlfield tag="003">RISM</controlfield>
         <controlfield tag="005">20160216</controlfield>
         <controlfield tag="008">160216n||az|||||||##########||||||||||||</controlfield>
         <datafield tag="040" ind1=" " ind2=" ">
            <subfield code="a">D-Bsd</subfield>
         </datafield>
         <datafield tag="043" ind1=" " ind2=" ">
            <subfield code="c">XA-DE</subfield>
         </datafield>
         <datafield tag="110" ind1="2" ind2=" ">
            <subfield code="a">Staats- und Domchor Berlin, Sammlung</subfield>
            <subfield code="c">Berlin</subfield>
            <subfield code="g">D-Bsd</subfield>
         </datafield>
         <datafield tag="622" ind1=" " ind2=" ">
            <subfield code="e">Staats- und Domchor Berlin, Sammlung, c/o Universität der Künste, Bundesallee 1-12, 10719 Berlin-Wilmersdorf, Germany</subfield>
            <subfield code="u">http://staats-und-domchor-berlin.de</subfield>
         </datafield>
      </record>