
      <record>
         <leader>00000nz  a2200169   4500</leader>
         <controlfield tag="001">30002873</controlfield>
         <controlfield tag="003">RISM</controlfield>
         <controlfield tag="005">20160216</controlfield>
         <controlfield tag="008">160216n||az|||||||##########||||||||||||</controlfield>
         <datafield tag="040" ind1=" " ind2=" ">
            <subfield code="a">D-BSL</subfield>
         </datafield>
         <datafield tag="043" ind1=" " ind2=" ">
            <subfield code="c">XA-DE</subfield>
         </datafield>
         <datafield tag="110" ind1="2" ind2=" ">
            <subfield code="a">Evangelische Kirchengemeinde Beesenlaublingen, Pfarrarchiv</subfield>
            <subfield code="c">Könnern-Beesenlaublingen</subfield>
            <subfield code="g">D-BSL</subfield>
         </datafield>
         <datafield tag="622" ind1=" " ind2=" ">
            <subfield code="e">Evangelische Kirchengemeinde,  Beesenlaublingen, Pfarrarchiv, c/o Pfarrstelle Könnern, Kirchhof 6, 06420 Könnern, Germany</subfield>
            <subfield code="u">http://www.ekmd.de/kirche/kirchenkreise/3121.html?expanded=3434#3434</subfield>
         </datafield>
      </record>