
      <record>
         <leader>00000nz  a2200169   4500</leader>
         <controlfield tag="001">30004139</controlfield>
         <controlfield tag="003">RISM</controlfield>
         <controlfield tag="005">20160216</controlfield>
         <controlfield tag="008">160216n||az|||||||##########||||||||||||</controlfield>
         <datafield tag="040" ind1=" " ind2=" ">
            <subfield code="a">D-Bsn</subfield>
         </datafield>
         <datafield tag="043" ind1=" " ind2=" ">
            <subfield code="c">XA-DE</subfield>
         </datafield>
         <datafield tag="110" ind1="2" ind2=" ">
            <subfield code="a">Helene-Nathan-Bibliothek, Musikbibliothek</subfield>
            <subfield code="c">Berlin</subfield>
            <subfield code="g">D-Bsn</subfield>
         </datafield>
         <datafield tag="410" ind1="2" ind2=" ">
            <subfield code="a">Stadtbücherei Berlin-Neukölln, Musikbücherei</subfield>
         </datafield>
         <datafield tag="622" ind1=" " ind2=" ">
            <subfield code="e">Helene-Nathan-Bibliothek,,  Musikbibliothek, Karl-Marx-Str. 66, 12043 Berlin, Germany</subfield>
            <subfield code="u">http://goo.gl/8kNQAI</subfield>
         </datafield>
      </record>