
      <record>
         <leader>00000nz  a2200169   4500</leader>
         <controlfield tag="001">30005729</controlfield>
         <controlfield tag="003">RISM</controlfield>
         <controlfield tag="005">20160216</controlfield>
         <controlfield tag="008">160216n||az|||||||##########||||||||||||</controlfield>
         <datafield tag="040" ind1=" " ind2=" ">
            <subfield code="a">D-Bsommer</subfield>
         </datafield>
         <datafield tag="043" ind1=" " ind2=" ">
            <subfield code="c">XA-DE</subfield>
         </datafield>
         <datafield tag="110" ind1="2" ind2=" ">
            <subfield code="a">Hans-Sommer-Archiv</subfield>
            <subfield code="c">Berlin</subfield>
            <subfield code="g">D-Bsommer</subfield>
         </datafield>
         <datafield tag="410" ind1="2" ind2=" ">
            <subfield code="a">Sommer Privatbibliothek</subfield>
         </datafield>
         <datafield tag="410" ind1="2" ind2=" ">
            <subfield code="a">Sommer private collection</subfield>
         </datafield>
         <datafield tag="622" ind1=" " ind2=" ">
            <subfield code="e">Hans-Sommer-Archiv, An der Rehwiese 24b, 14129 Berlin, Germany</subfield>
            <subfield code="u">http://www.hans-sommer.de</subfield>
         </datafield>
      </record>