
      <record>
         <leader>00000nz  a2200169   4500</leader>
         <controlfield tag="001">30001083</controlfield>
         <controlfield tag="003">RISM</controlfield>
         <controlfield tag="005">20160216</controlfield>
         <controlfield tag="008">160216n||az|||||||##########||||||||||||</controlfield>
         <datafield tag="040" ind1=" " ind2=" ">
            <subfield code="a">D-Bsp</subfield>
         </datafield>
         <datafield tag="043" ind1=" " ind2=" ">
            <subfield code="c">XA-DE</subfield>
         </datafield>
         <datafield tag="110" ind1="2" ind2=" ">
            <subfield code="a">Theologisches Konvikt</subfield>
            <subfield code="c">Berlin</subfield>
            <subfield code="g">D-Bsp</subfield>
         </datafield>
         <datafield tag="410" ind1="2" ind2=" ">
            <subfield code="a">Evangelische Kirche Berlin-Brandenburg, Sprachenkonvikt, Bibliothek</subfield>
         </datafield>
         <datafield tag="622" ind1=" " ind2=" ">
            <subfield code="e">Theologisches Konvikt, Borsigstr. 5, 10115 Berlin, Germany</subfield>
            <subfield code="u">http://www.theologischeskonvikt.de/herzlich-willkommen.html</subfield>
         </datafield>
      </record>