
      <record>
         <leader>00000nz  a2200169   4500</leader>
         <controlfield tag="001">30002728</controlfield>
         <controlfield tag="003">RISM</controlfield>
         <controlfield tag="005">20160216</controlfield>
         <controlfield tag="008">160216n||az|||||||##########||||||||||||</controlfield>
         <datafield tag="040" ind1=" " ind2=" ">
            <subfield code="a">D-Bspj</subfield>
         </datafield>
         <datafield tag="043" ind1=" " ind2=" ">
            <subfield code="c">XA-DE</subfield>
         </datafield>
         <datafield tag="110" ind1="2" ind2=" ">
            <subfield code="a">Berliner Kirchenmusikschule, Bibliothek</subfield>
            <subfield code="c">Berlin</subfield>
            <subfield code="g">D-Bspj</subfield>
         </datafield>
         <datafield tag="622" ind1=" " ind2=" ">
            <subfield code="e">Berliner Kirchenmusikschule, Bibliothek, Evangelisches Johannesstift, Schönwalder Allee 26, 13587 Berlin, Germany</subfield>
            <subfield code="u">http://www.evangelisches-johannesstift.de/stiftung</subfield>
         </datafield>
      </record>