
      <record>
         <leader>00000nz  a2200169   4500</leader>
         <controlfield tag="001">30004140</controlfield>
         <controlfield tag="003">RISM</controlfield>
         <controlfield tag="005">20160216</controlfield>
         <controlfield tag="008">160216n||az|||||||##########||||||||||||</controlfield>
         <datafield tag="040" ind1=" " ind2=" ">
            <subfield code="a">D-Bss</subfield>
         </datafield>
         <datafield tag="043" ind1=" " ind2=" ">
            <subfield code="c">XA-DE</subfield>
         </datafield>
         <datafield tag="110" ind1="2" ind2=" ">
            <subfield code="a">Ingeborg-Drewitz-Bibliothek, Musikbereich</subfield>
            <subfield code="c">Berlin</subfield>
            <subfield code="g">D-Bss</subfield>
         </datafield>
         <datafield tag="410" ind1="2" ind2=" ">
            <subfield code="a">Stadtbücherei Berlin-Steglitz, Musikbücherei</subfield>
         </datafield>
         <datafield tag="622" ind1=" " ind2=" ">
            <subfield code="e">Ingeborg-Drewitz-Bibliothek,,  Musikbereich, Grunewaldstr. 3, 12165 Berlin, Germany</subfield>
            <subfield code="u">http://www.berlin.de/stadtbibliothek-steglitz-zehlendorf/</subfield>
         </datafield>
      </record>