
      <record>
         <leader>00000nz  a2200169   4500</leader>
         <controlfield tag="001">30069864</controlfield>
         <controlfield tag="003">RISM</controlfield>
         <controlfield tag="005">20160216</controlfield>
         <controlfield tag="008">160216n||az|||||||##########||||||||||||</controlfield>
         <datafield tag="040" ind1=" " ind2=" ">
            <subfield code="a">D-BSSp</subfield>
         </datafield>
         <datafield tag="043" ind1=" " ind2=" ">
            <subfield code="c">XA-DE</subfield>
         </datafield>
         <datafield tag="110" ind1="2" ind2=" ">
            <subfield code="a">Katholische Kirchengemeinde St. Peter und Paul, Stifts- und Pfarrarchiv Salmünster</subfield>
            <subfield code="c">Bad Soden-Salmünster</subfield>
            <subfield code="g">D-BSSp</subfield>
         </datafield>
         <datafield tag="622" ind1=" " ind2=" ">
            <subfield code="e">Katholische Kirchengemeinde St. Peter, und Paul, Stifts- und Pfarrarchiv, Salmünster, Klostergasse 5, 63628 Bad Soden-Salmünster, Germany</subfield>
            <subfield code="u">http://www.katholische-kirche-salmuenster.de/badsodenpeterpaul/index.php</subfield>
         </datafield>
      </record>