
      <record>
         <leader>00000nz  a2200169   4500</leader>
         <controlfield tag="001">30001095</controlfield>
         <controlfield tag="003">RISM</controlfield>
         <controlfield tag="005">20160216</controlfield>
         <controlfield tag="008">160216n||az|||||||##########||||||||||||</controlfield>
         <datafield tag="040" ind1=" " ind2=" ">
            <subfield code="a">D-BST</subfield>
         </datafield>
         <datafield tag="043" ind1=" " ind2=" ">
            <subfield code="c">XA-DE</subfield>
         </datafield>
         <datafield tag="110" ind1="2" ind2=" ">
            <subfield code="a">Kantoreiarchiv</subfield>
            <subfield code="c">Bärenstein (Erzgebirge)</subfield>
            <subfield code="g">D-BST</subfield>
         </datafield>
         <datafield tag="410" ind1="2" ind2=" ">
            <subfield code="a">Pfarrarchiv</subfield>
         </datafield>
         <datafield tag="622" ind1=" " ind2=" ">
            <subfield code="e">Kantoreiarchiv, Ev.-Luth. Kirchgemeinde, Annaberger Straße 37, 09471 Bärenstein (Erzgebirge), Germany</subfield>
            <subfield code="u">http://www.erloeserkirche-baerenstein.de/</subfield>
         </datafield>
      </record>