
      <record>
         <leader>00000nz  a2200169   4500</leader>
         <controlfield tag="001">30000665</controlfield>
         <controlfield tag="003">RISM</controlfield>
         <controlfield tag="005">20160216</controlfield>
         <controlfield tag="008">160216n||az|||||||##########||||||||||||</controlfield>
         <datafield tag="040" ind1=" " ind2=" ">
            <subfield code="a">D-Bst</subfield>
         </datafield>
         <datafield tag="043" ind1=" " ind2=" ">
            <subfield code="c">XA-DE</subfield>
         </datafield>
         <datafield tag="110" ind1="2" ind2=" ">
            <subfield code="a">Dietrich-Bonhoeffer-Bibliothek</subfield>
            <subfield code="c">Berlin</subfield>
            <subfield code="g">D-Bst</subfield>
         </datafield>
         <datafield tag="410" ind1="2" ind2=" ">
            <subfield code="a">Stadtbücherei Wilmersdorf, Hauptstelle</subfield>
         </datafield>
         <datafield tag="410" ind1="2" ind2=" ">
            <subfield code="a">Wilmersdorfer Volksbücherei</subfield>
         </datafield>
         <datafield tag="622" ind1=" " ind2=" ">
            <subfield code="e">Dietrich-Bonhoeffer-Bibliothek, Brandenburgische Str. 2, 10713 Berlin, Germany</subfield>
            <subfield code="u">https://goo.gl/ZdwBTo</subfield>
         </datafield>
      </record>