
      <record>
         <leader>00000nz  a2200169   4500</leader>
         <controlfield tag="001">30003954</controlfield>
         <controlfield tag="003">RISM</controlfield>
         <controlfield tag="005">20160216</controlfield>
         <controlfield tag="008">160216n||az|||||||##########||||||||||||</controlfield>
         <datafield tag="040" ind1=" " ind2=" ">
            <subfield code="a">D-BSZk</subfield>
         </datafield>
         <datafield tag="043" ind1=" " ind2=" ">
            <subfield code="c">XA-DE</subfield>
         </datafield>
         <datafield tag="110" ind1="2" ind2=" ">
            <subfield code="a">Notenbibliothek der Stadtkantorei</subfield>
            <subfield code="c">Bad Salzungen</subfield>
            <subfield code="g">D-BSZk</subfield>
         </datafield>
         <datafield tag="410" ind1="2" ind2=" ">
            <subfield code="a">Stadtkirche, Archiv</subfield>
         </datafield>
         <datafield tag="622" ind1=" " ind2=" ">
            <subfield code="e">Notenbibliothek der Stadtkantorei, Wuckestr. 1a, 36433 Bad Salzungen, Germany</subfield>
            <subfield code="u">http://goo.gl/zMsyGE</subfield>
         </datafield>
      </record>