
      <record>
         <leader>00000nz  a2200169   4500</leader>
         <controlfield tag="001">30001097</controlfield>
         <controlfield tag="003">RISM</controlfield>
         <controlfield tag="005">20160216</controlfield>
         <controlfield tag="008">160216n||az|||||||##########||||||||||||</controlfield>
         <datafield tag="040" ind1=" " ind2=" ">
            <subfield code="a">D-BTH</subfield>
         </datafield>
         <datafield tag="043" ind1=" " ind2=" ">
            <subfield code="c">XA-DE</subfield>
         </datafield>
         <datafield tag="110" ind1="2" ind2=" ">
            <subfield code="a">Kirchenbibliothek St. Marien</subfield>
            <subfield code="c">Barth</subfield>
            <subfield code="g">D-BTH</subfield>
         </datafield>
         <datafield tag="622" ind1=" " ind2=" ">
            <subfield code="e">Kirchenbibliothek St. Marien, Papenstraße 7, 18356 Barth, Germany</subfield>
            <subfield code="u">http://www.barthbibliothek.de/</subfield>
         </datafield>
      </record>