
      <record>
         <leader>00000nz  a2200169   4500</leader>
         <controlfield tag="001">30000705</controlfield>
         <controlfield tag="003">RISM</controlfield>
         <controlfield tag="005">20160216</controlfield>
         <controlfield tag="008">160216n||az|||||||##########||||||||||||</controlfield>
         <datafield tag="040" ind1=" " ind2=" ">
            <subfield code="a">D-BÜ</subfield>
         </datafield>
         <datafield tag="043" ind1=" " ind2=" ">
            <subfield code="c">XA-DE</subfield>
         </datafield>
         <datafield tag="110" ind1="2" ind2=" ">
            <subfield code="a">Fürstlich Ysenburg- und Büdingensche Bibliothek</subfield>
            <subfield code="c">Büdingen</subfield>
            <subfield code="g">D-BÜ</subfield>
         </datafield>
         <datafield tag="622" ind1=" " ind2=" ">
            <subfield code="e">Fürstlich Ysenburg- und Büdingensche,  Bibliothek, Schlossplatz 1, 63654 Büdingen, Germany</subfield>
            <subfield code="u">http://www.schloss-buedingen.de/index.php?q=startseite.html</subfield>
         </datafield>
      </record>