
      <record>
         <leader>00000nz  a2200169   4500</leader>
         <controlfield tag="001">30004512</controlfield>
         <controlfield tag="003">RISM</controlfield>
         <controlfield tag="005">20160216</controlfield>
         <controlfield tag="008">160216n||az|||||||##########||||||||||||</controlfield>
         <datafield tag="040" ind1=" " ind2=" ">
            <subfield code="a">D-BÜC</subfield>
         </datafield>
         <datafield tag="043" ind1=" " ind2=" ">
            <subfield code="c">XA-DE</subfield>
         </datafield>
         <datafield tag="110" ind1="2" ind2=" ">
            <subfield code="a">Niedersächsisches Landesarchiv - Standort Bückeburg</subfield>
            <subfield code="c">Bückeburg</subfield>
            <subfield code="g">D-BÜC</subfield>
         </datafield>
         <datafield tag="410" ind1="2" ind2=" ">
            <subfield code="a">Niedersächsisches Staatsarchiv</subfield>
         </datafield>
         <datafield tag="622" ind1=" " ind2=" ">
            <subfield code="e">Niedersächsisches Landesarchiv -,  Standort Bückeburg, Schlossplatz 2, 31675 Bückeburg, Germany</subfield>
            <subfield code="u">http://goo.gl/0nS3xL</subfield>
         </datafield>
      </record>