
      <record>
         <leader>00000nz  a2200169   4500</leader>
         <controlfield tag="001">30000704</controlfield>
         <controlfield tag="003">RISM</controlfield>
         <controlfield tag="005">20160216</controlfield>
         <controlfield tag="008">160216n||az|||||||##########||||||||||||</controlfield>
         <datafield tag="040" ind1=" " ind2=" ">
            <subfield code="a">D-BUCH</subfield>
         </datafield>
         <datafield tag="043" ind1=" " ind2=" ">
            <subfield code="c">XA-DE</subfield>
         </datafield>
         <datafield tag="110" ind1="2" ind2=" ">
            <subfield code="a">Bezirksmuseum</subfield>
            <subfield code="c">Buchen</subfield>
            <subfield code="g">D-BUCH</subfield>
         </datafield>
         <datafield tag="410" ind1="2" ind2=" ">
            <subfield code="a">Kraus-Sammlung</subfield>
         </datafield>
         <datafield tag="622" ind1=" " ind2=" ">
            <subfield code="e">Bezirksmuseum, Kellereistraße 25-29, 74722 Buchen, Germany</subfield>
            <subfield code="u">http://www.bezirksmuseum.de/</subfield>
         </datafield>
      </record>