
      <record>
         <leader>00000nz  a2200169   4500</leader>
         <controlfield tag="001">30002874</controlfield>
         <controlfield tag="003">RISM</controlfield>
         <controlfield tag="005">20160216</controlfield>
         <controlfield tag="008">160216n||az|||||||##########||||||||||||</controlfield>
         <datafield tag="040" ind1=" " ind2=" ">
            <subfield code="a">D-BUCHA</subfield>
         </datafield>
         <datafield tag="043" ind1=" " ind2=" ">
            <subfield code="c">XA-DE</subfield>
         </datafield>
         <datafield tag="110" ind1="2" ind2=" ">
            <subfield code="a">Kirchspiel Magdala/ Bucha, Evangelisch-Lutherische Kirchengemeinde Bucha, Pfarrarchiv</subfield>
            <subfield code="c">Bucha bei Jena</subfield>
            <subfield code="g">D-BUCHA</subfield>
         </datafield>
         <datafield tag="622" ind1=" " ind2=" ">
            <subfield code="e">Evangelisch-Lutherische Kirchengemeinde,  Bucha, Pfarrarchiv, c/o Pfarramt Magdala, Schulstraße 18, 99441 Magdala, Germany</subfield>
            <subfield code="u">http://www.kirche-magdala.de/index.html</subfield>
         </datafield>
      </record>