
      <record>
         <leader>00000nz  a2200169   4500</leader>
         <controlfield tag="001">30006087</controlfield>
         <controlfield tag="003">RISM</controlfield>
         <controlfield tag="005">20160216</controlfield>
         <controlfield tag="008">160216n||az|||||||##########||||||||||||</controlfield>
         <datafield tag="040" ind1=" " ind2=" ">
            <subfield code="a">D-Budka</subfield>
         </datafield>
         <datafield tag="043" ind1=" " ind2=" ">
            <subfield code="c">XA-DE</subfield>
         </datafield>
         <datafield tag="110" ind1="2" ind2=" ">
            <subfield code="a">Universität der Künste Berlin, Universitätsarchiv</subfield>
            <subfield code="c">Berlin</subfield>
            <subfield code="g">D-Budka</subfield>
         </datafield>
         <datafield tag="410" ind1="2" ind2=" ">
            <subfield code="a">Hochschularchiv</subfield>
         </datafield>
         <datafield tag="622" ind1=" " ind2=" ">
            <subfield code="e">Universität der Künste Berlin,, Universitätsarchiv, Raum 17/18, Einsteinufer 43-53, 10587 Berlin, Germany</subfield>
            <subfield code="u">http://www.archiv.udk-berlin.de</subfield>
         </datafield>
      </record>