
      <record>
         <leader>00000nz  a2200169   4500</leader>
         <controlfield tag="001">30001084</controlfield>
         <controlfield tag="003">RISM</controlfield>
         <controlfield tag="005">20160216</controlfield>
         <controlfield tag="008">160216n||az|||||||##########||||||||||||</controlfield>
         <datafield tag="040" ind1=" " ind2=" ">
            <subfield code="a">D-Buh</subfield>
         </datafield>
         <datafield tag="043" ind1=" " ind2=" ">
            <subfield code="c">XA-DE</subfield>
         </datafield>
         <datafield tag="110" ind1="2" ind2=" ">
            <subfield code="a">Humboldt-Universität, Universitätsbibliothek, Zweigbibliothek Campus Nord</subfield>
            <subfield code="c">Berlin</subfield>
            <subfield code="g">D-Buh</subfield>
         </datafield>
         <datafield tag="622" ind1=" " ind2=" ">
            <subfield code="e">Humboldt-Universität,,  Universitätsbibliothek, Zweigbibliothek,  Campus Nord, Hessische Straße 1-2, 10115 Berlin, Germany</subfield>
            <subfield code="u">https://www.ub.hu-berlin.de/de/standorte/zwbcampusnord</subfield>
         </datafield>
      </record>