
      <record>
         <leader>00000nz  a2200169   4500</leader>
         <controlfield tag="001">30001085</controlfield>
         <controlfield tag="003">RISM</controlfield>
         <controlfield tag="005">20160216</controlfield>
         <controlfield tag="008">160216n||az|||||||##########||||||||||||</controlfield>
         <datafield tag="040" ind1=" " ind2=" ">
            <subfield code="a">D-Buhfu</subfield>
         </datafield>
         <datafield tag="043" ind1=" " ind2=" ">
            <subfield code="c">XA-DE</subfield>
         </datafield>
         <datafield tag="110" ind1="2" ind2=" ">
            <subfield code="a">Humboldt-Universität, Institut für Slawistik</subfield>
            <subfield code="c">Berlin</subfield>
            <subfield code="g">D-Buhfu</subfield>
         </datafield>
         <datafield tag="410" ind1="2" ind2=" ">
            <subfield code="a">Humboldt-Universität, Seminar für Hungarologie, Fachbibliothek Finno-Ugristik</subfield>
         </datafield>
         <datafield tag="622" ind1=" " ind2=" ">
            <subfield code="e">Humboldt-Universität, Institut für,  Slawistik, Boeckh-Haus, Dorotheenstraße 65, 10117 Berlin, Germany</subfield>
            <subfield code="u">https://www.slawistik.hu-berlin.de/</subfield>
         </datafield>
      </record>