
      <record>
         <leader>00000nz  a2200169   4500</leader>
         <controlfield tag="001">30003779</controlfield>
         <controlfield tag="003">RISM</controlfield>
         <controlfield tag="005">20160216</controlfield>
         <controlfield tag="008">160216n||az|||||||##########||||||||||||</controlfield>
         <datafield tag="040" ind1=" " ind2=" ">
            <subfield code="a">D-BUHp</subfield>
         </datafield>
         <datafield tag="043" ind1=" " ind2=" ">
            <subfield code="c">XA-DE</subfield>
         </datafield>
         <datafield tag="110" ind1="2" ind2=" ">
            <subfield code="a">Evangelische Kirchengemeinde Burgheßler, Pfarrarchiv</subfield>
            <subfield code="c">Burgheßler</subfield>
            <subfield code="g">D-BUHp</subfield>
         </datafield>
         <datafield tag="622" ind1=" " ind2=" ">
            <subfield code="e">Evangelische Kirchengemeinde Burgheßler,,  Pfarrarchiv, c/o Pfarrstelle Bad Bibra, Domberg 9, 06647 Bad Bibra, Germany</subfield>
            <subfield code="u">http://www.ekmd.de/kirche/kirchenkreise/3122.html?expanded=3444#3444</subfield>
         </datafield>
      </record>