
      <record>
         <leader>00000nz  a2200169   4500</leader>
         <controlfield tag="001">30000703</controlfield>
         <controlfield tag="003">RISM</controlfield>
         <controlfield tag="005">20160216</controlfield>
         <controlfield tag="008">160216n||az|||||||##########||||||||||||</controlfield>
         <datafield tag="040" ind1=" " ind2=" ">
            <subfield code="a">D-BUk</subfield>
         </datafield>
         <datafield tag="043" ind1=" " ind2=" ">
            <subfield code="c">XA-DE</subfield>
         </datafield>
         <datafield tag="110" ind1="2" ind2=" ">
            <subfield code="a">Bibliothek des Kapuzinerklosters St. Anna</subfield>
            <subfield code="c">Burghausen</subfield>
            <subfield code="g">D-BUk</subfield>
         </datafield>
         <datafield tag="622" ind1=" " ind2=" ">
            <subfield code="e">Bibliothek des Kapuzinerklosters St.,  Anna, Kapuzinergasse 235, 84489 Burghausen, Germany</subfield>
         </datafield>
      </record>