
      <record>
         <leader>00000nz  a2200169   4500</leader>
         <controlfield tag="001">30002876</controlfield>
         <controlfield tag="003">RISM</controlfield>
         <controlfield tag="005">20160216</controlfield>
         <controlfield tag="008">160216n||az|||||||##########||||||||||||</controlfield>
         <datafield tag="040" ind1=" " ind2=" ">
            <subfield code="a">D-BÜR</subfield>
         </datafield>
         <datafield tag="043" ind1=" " ind2=" ">
            <subfield code="c">XA-DE</subfield>
         </datafield>
         <datafield tag="110" ind1="2" ind2=" ">
            <subfield code="a">Evangelische Kirchengemeinde Bürgel, Pfarrarchiv</subfield>
            <subfield code="c">Bürgel (Thüringen)</subfield>
            <subfield code="g">D-BÜR</subfield>
         </datafield>
         <datafield tag="622" ind1=" " ind2=" ">
            <subfield code="e">Evangelische Kirchengemeinde Bürgel,,  Pfarrarchiv, Pfarramt, Kirchplatz 1, 07616 Bürgel, Germany</subfield>
            <subfield code="u">http://www.ekmd.de/kirche/kirchenkreise/12.html?expanded=71#71</subfield>
         </datafield>
      </record>