
      <record>
         <leader>00000nz  a2200169   4500</leader>
         <controlfield tag="001">30002877</controlfield>
         <controlfield tag="003">RISM</controlfield>
         <controlfield tag="005">20160216</controlfield>
         <controlfield tag="008">160216n||az|||||||##########||||||||||||</controlfield>
         <datafield tag="040" ind1=" " ind2=" ">
            <subfield code="a">D-BURGn</subfield>
         </datafield>
         <datafield tag="043" ind1=" " ind2=" ">
            <subfield code="c">XA-DE</subfield>
         </datafield>
         <datafield tag="110" ind1="2" ind2=" ">
            <subfield code="a">Evangelische Kirchengemeinde St. Nicolai, Pfarrarchiv</subfield>
            <subfield code="c">Burg (bei Magdeburg)</subfield>
            <subfield code="g">D-BURGn</subfield>
         </datafield>
         <datafield tag="622" ind1=" " ind2=" ">
            <subfield code="e">Evangelische Kirchengemeinde St.,  Nicolai, Pfarrarchiv, Pfarramt St. Nicolai und Userer Lieben,  Frauen, Kirchhof Unserer Lieben Frauen 1, 39288 Burg (bei Magdeburg), Germany</subfield>
            <subfield code="u">http://www.kirche-in-burg.de/</subfield>
         </datafield>
      </record>