
      <record>
         <leader>00000nz  a2200169   4500</leader>
         <controlfield tag="001">30002879</controlfield>
         <controlfield tag="003">RISM</controlfield>
         <controlfield tag="005">20160216</controlfield>
         <controlfield tag="008">160216n||az|||||||##########||||||||||||</controlfield>
         <datafield tag="040" ind1=" " ind2=" ">
            <subfield code="a">D-BUTT</subfield>
         </datafield>
         <datafield tag="043" ind1=" " ind2=" ">
            <subfield code="c">XA-DE</subfield>
         </datafield>
         <datafield tag="110" ind1="2" ind2=" ">
            <subfield code="a">Evangelische Kirchengemeinde Buttelstedt, Pfarrarchiv</subfield>
            <subfield code="c">Buttelstedt</subfield>
            <subfield code="g">D-BUTT</subfield>
         </datafield>
         <datafield tag="622" ind1=" " ind2=" ">
            <subfield code="e">Evangelische Kirchengemeinde,  Buttelstedt, Pfarrarchiv, Pfarramt, Weimarische Str. 1, 99439 Buttelstedt, Germany</subfield>
            <subfield code="u">http://www.ekmd.de/kirche/kirchenkreise/102.html</subfield>
         </datafield>
      </record>