
      <record>
         <leader>00000nz  a2200169   4500</leader>
         <controlfield tag="001">30006053</controlfield>
         <controlfield tag="003">RISM</controlfield>
         <controlfield tag="005">20160216</controlfield>
         <controlfield tag="008">160216n||az|||||||##########||||||||||||</controlfield>
         <datafield tag="040" ind1=" " ind2=" ">
            <subfield code="a">D-Bz</subfield>
         </datafield>
         <datafield tag="043" ind1=" " ind2=" ">
            <subfield code="c">XA-DE</subfield>
         </datafield>
         <datafield tag="110" ind1="2" ind2=" ">
            <subfield code="a">Zentral- und Landesbibliothek, Historische Sammlungen</subfield>
            <subfield code="c">Berlin</subfield>
            <subfield code="g">D-Bz</subfield>
         </datafield>
         <datafield tag="410" ind1="2" ind2=" ">
            <subfield code="a">Berliner Stadtbibliothek &#xD;</subfield>
         </datafield>
         <datafield tag="622" ind1=" " ind2=" ">
            <subfield code="e">Zentral- und Landesbibliothek,,  Historische Sammlungen, Haus Berliner Stadtbibliothek, Breite Str. 30-36, 10178 Berlin-Mitte, Germany</subfield>
            <subfield code="u">http://www.zlb.de</subfield>
         </datafield>
      </record>