
      <record>
         <leader>00000nz  a2200169   4500</leader>
         <controlfield tag="001">30000712</controlfield>
         <controlfield tag="003">RISM</controlfield>
         <controlfield tag="005">20160216</controlfield>
         <controlfield tag="008">160216n||az|||||||##########||||||||||||</controlfield>
         <datafield tag="040" ind1=" " ind2=" ">
            <subfield code="a">D-CA</subfield>
         </datafield>
         <datafield tag="043" ind1=" " ind2=" ">
            <subfield code="c">XA-DE</subfield>
         </datafield>
         <datafield tag="110" ind1="2" ind2=" ">
            <subfield code="a">Fürstlich Castellsche Bibliothek</subfield>
            <subfield code="c">Castell</subfield>
            <subfield code="g">D-CA</subfield>
         </datafield>
         <datafield tag="622" ind1=" " ind2=" ">
            <subfield code="e">Fürstlich Castellsche Bibliothek, Schloss, 97355 Castell, Germany</subfield>
         </datafield>
      </record>