
      <record>
         <leader>00000nz  a2200169   4500</leader>
         <controlfield tag="001">30075934</controlfield>
         <controlfield tag="003">RISM</controlfield>
         <controlfield tag="005">20160216</controlfield>
         <controlfield tag="008">160216n||az|||||||##########||||||||||||</controlfield>
         <datafield tag="040" ind1=" " ind2=" ">
            <subfield code="a">D-CABp</subfield>
         </datafield>
         <datafield tag="043" ind1=" " ind2=" ">
            <subfield code="c">XA-DE</subfield>
         </datafield>
         <datafield tag="110" ind1="2" ind2=" ">
            <subfield code="a">Evangelisch-Lutherische Kirchengemeinde, Pfarramt</subfield>
            <subfield code="c">Cadolzburg</subfield>
            <subfield code="g">D-CABp</subfield>
         </datafield>
         <datafield tag="622" ind1=" " ind2=" ">
            <subfield code="e">Evangelisch-Lutherische Gemeinde,,  Pfarramt, Greimersdorfer Str. 15, 90556 Cadolzburg, Germany</subfield>
            <subfield code="u">http://www.cadolzburg-evangelisch.de</subfield>
         </datafield>
      </record>