
      <record>
         <leader>00000nz  a2200169   4500</leader>
         <controlfield tag="001">30003781</controlfield>
         <controlfield tag="003">RISM</controlfield>
         <controlfield tag="005">20160216</controlfield>
         <controlfield tag="008">160216n||az|||||||##########||||||||||||</controlfield>
         <datafield tag="040" ind1=" " ind2=" ">
            <subfield code="a">D-CASp</subfield>
         </datafield>
         <datafield tag="043" ind1=" " ind2=" ">
            <subfield code="c">XA-DE</subfield>
         </datafield>
         <datafield tag="110" ind1="2" ind2=" ">
            <subfield code="a">Evangelische Sankt-Nicasius-Kirche, Pfarrarchiv</subfield>
            <subfield code="c">Casekirchen (Molauer Land)</subfield>
            <subfield code="g">D-CASp</subfield>
         </datafield>
         <datafield tag="622" ind1=" " ind2=" ">
            <subfield code="e">Evangelische Sankt-Nicasius-Kirche,,  Pfarrarchiv, Kirchspiel Frauenprießnitz-Casekirchen, Casekirchen 21, 06618 Molauer Land-Casekirchen, Germany</subfield>
            <subfield code="u">http://goo.gl/o6VnjW</subfield>
         </datafield>
      </record>