
      <record>
         <leader>00000nz  a2200169   4500</leader>
         <controlfield tag="001">30001098</controlfield>
         <controlfield tag="003">RISM</controlfield>
         <controlfield tag="005">20160216</controlfield>
         <controlfield tag="008">160216n||az|||||||##########||||||||||||</controlfield>
         <datafield tag="040" ind1=" " ind2=" ">
            <subfield code="a">D-CD</subfield>
         </datafield>
         <datafield tag="043" ind1=" " ind2=" ">
            <subfield code="c">XA-DE</subfield>
         </datafield>
         <datafield tag="110" ind1="2" ind2=" ">
            <subfield code="a">Evangelisch-Lutherische Kirchgemeinde, Kantoreiarchiv</subfield>
            <subfield code="c">Crottendorf</subfield>
            <subfield code="g">D-CD</subfield>
         </datafield>
         <datafield tag="622" ind1=" " ind2=" ">
            <subfield code="e">Evangelisch-Lutherische Kirchgemeinde,,  Kantoreiarchiv, Dr.-Otto-Nuschke-Straße 136, 09474 Crottendorf, Germany</subfield>
            <subfield code="u">http://www.evkirche-crottendorf.de/index.php?id=10</subfield>
         </datafield>
      </record>