
      <record>
         <leader>00000nz  a2200169   4500</leader>
         <controlfield tag="001">30000713</controlfield>
         <controlfield tag="003">RISM</controlfield>
         <controlfield tag="005">20160216</controlfield>
         <controlfield tag="008">160216n||az|||||||##########||||||||||||</controlfield>
         <datafield tag="040" ind1=" " ind2=" ">
            <subfield code="a">D-CEbm</subfield>
         </datafield>
         <datafield tag="043" ind1=" " ind2=" ">
            <subfield code="c">XA-DE</subfield>
         </datafield>
         <datafield tag="110" ind1="2" ind2=" ">
            <subfield code="a">Bomann-Museum, Bibliothek</subfield>
            <subfield code="c">Celle</subfield>
            <subfield code="g">D-CEbm</subfield>
         </datafield>
         <datafield tag="622" ind1=" " ind2=" ">
            <subfield code="e">Bomann-Museum, Bibliothek, Schlossplatz 7, 29221 Celle, Germany</subfield>
            <subfield code="u">http://www.bomann-museum.de</subfield>
         </datafield>
         <datafield tag="710" ind1="2" ind2=" ">
            <subfield code="a">Stadtarchiv</subfield>
            <subfield code="0">30075960</subfield>
         </datafield>
      </record>