
      <record>
         <leader>00000nz  a2200169   4500</leader>
         <controlfield tag="001">30002744</controlfield>
         <controlfield tag="003">RISM</controlfield>
         <controlfield tag="005">20160216</controlfield>
         <controlfield tag="008">160216n||az|||||||##########||||||||||||</controlfield>
         <datafield tag="040" ind1=" " ind2=" ">
            <subfield code="a">D-CEp</subfield>
         </datafield>
         <datafield tag="043" ind1=" " ind2=" ">
            <subfield code="c">XA-DE</subfield>
         </datafield>
         <datafield tag="110" ind1="2" ind2=" ">
            <subfield code="a">Kirchenministerialbibliothek Celle im Kirchenamt</subfield>
            <subfield code="c">Celle</subfield>
            <subfield code="g">D-CEp</subfield>
         </datafield>
         <datafield tag="410" ind1="2" ind2=" ">
            <subfield code="a">Kirchenministerialbibliothek Celle im ehemaligen Pfarrvikarseminar</subfield>
         </datafield>
         <datafield tag="622" ind1=" " ind2=" ">
            <subfield code="e">Kirchenministerialbibliothek Celle im, Pfarrvikarseminar, Berlinstr. 4, 29223 Celle, Germany</subfield>
         </datafield>
      </record>