
      <record>
         <leader>00000nz  a2200169   4500</leader>
         <controlfield tag="001">30001196</controlfield>
         <controlfield tag="003">RISM</controlfield>
         <controlfield tag="005">20160216</controlfield>
         <controlfield tag="008">160216n||az|||||||##########||||||||||||</controlfield>
         <datafield tag="040" ind1=" " ind2=" ">
            <subfield code="a">D-CHj</subfield>
         </datafield>
         <datafield tag="043" ind1=" " ind2=" ">
            <subfield code="c">XA-DE</subfield>
         </datafield>
         <datafield tag="110" ind1="2" ind2=" ">
            <subfield code="a">Evangelisch-Lutherische St.-Jakobi-Johannis-Kirchgemeinde</subfield>
            <subfield code="c">Chemnitz</subfield>
            <subfield code="g">D-CHj</subfield>
         </datafield>
         <datafield tag="410" ind1="2" ind2=" ">
            <subfield code="a">Stadtkirche St. Jacobi, Pfarrarchiv</subfield>
         </datafield>
         <datafield tag="410" ind1="2" ind2=" ">
            <subfield code="a">Jacobikirche, Bibliothek</subfield>
         </datafield>
         <datafield tag="622" ind1=" " ind2=" ">
            <subfield code="e">Evangelisch-Lutherische,  St.-Jakobi-Johannis-Kirchgemeinde, Theaterstr. 25, 09111 Chemnitz, Germany</subfield>
            <subfield code="u">http://jakobi.kirchechemnitz.de/</subfield>
         </datafield>
      </record>