
      <record>
         <leader>00000nz  a2200169   4500</leader>
         <controlfield tag="001">30076929</controlfield>
         <controlfield tag="003">RISM</controlfield>
         <controlfield tag="005">20160216</controlfield>
         <controlfield tag="008">160216n||az|||||||##########||||||||||||</controlfield>
         <datafield tag="040" ind1=" " ind2=" ">
            <subfield code="a">D-CHrsp</subfield>
         </datafield>
         <datafield tag="043" ind1=" " ind2=" ">
            <subfield code="c">XA-DE</subfield>
         </datafield>
         <datafield tag="110" ind1="2" ind2=" ">
            <subfield code="a">Robert-Schumann-Philharmonie</subfield>
            <subfield code="c">Chemnitz</subfield>
            <subfield code="g">D-CHrsp</subfield>
         </datafield>
         <datafield tag="622" ind1=" " ind2=" ">
            <subfield code="e">Robert-Schumann-Philharmonie, Käthe-Kollwitz-Straße 7, 09111 Chemnitz, Germany</subfield>
            <subfield code="u">http://www.theater-chemnitz.de/</subfield>
         </datafield>
      </record>