
      <record>
         <leader>00000nz  a2200169   4500</leader>
         <controlfield tag="001">30000707</controlfield>
         <controlfield tag="003">RISM</controlfield>
         <controlfield tag="005">20160216</controlfield>
         <controlfield tag="008">160216n||az|||||||##########||||||||||||</controlfield>
         <datafield tag="040" ind1=" " ind2=" ">
            <subfield code="a">D-Cl</subfield>
         </datafield>
         <datafield tag="043" ind1=" " ind2=" ">
            <subfield code="c">XA-DE</subfield>
         </datafield>
         <datafield tag="110" ind1="2" ind2=" ">
            <subfield code="a">Landesbibliothek</subfield>
            <subfield code="c">Coburg</subfield>
            <subfield code="g">D-Cl</subfield>
         </datafield>
         <datafield tag="622" ind1=" " ind2=" ">
            <subfield code="e">Landesbibliothek, Schlossplatz 1, 96450 Coburg, Germany</subfield>
            <subfield code="u">http://www.landesbibliothek-coburg.de/</subfield>
         </datafield>
      </record>