
      <record>
         <leader>00000nz  a2200169   4500</leader>
         <controlfield tag="001">30002745</controlfield>
         <controlfield tag="003">RISM</controlfield>
         <controlfield tag="005">20160216</controlfield>
         <controlfield tag="008">160216n||az|||||||##########||||||||||||</controlfield>
         <datafield tag="040" ind1=" " ind2=" ">
            <subfield code="a">D-CO</subfield>
         </datafield>
         <datafield tag="043" ind1=" " ind2=" ">
            <subfield code="c">XA-DE</subfield>
         </datafield>
         <datafield tag="110" ind1="2" ind2=" ">
            <subfield code="a">Fürstliche Bibliothek Corvey</subfield>
            <subfield code="c">Höxter</subfield>
            <subfield code="g">D-CO</subfield>
         </datafield>
         <datafield tag="622" ind1=" " ind2=" ">
            <subfield code="e">Fürstliche Bibliothek Corvey, Schloss Corvey, 37671 Höxter, Germany</subfield>
            <subfield code="u">http://www.schloss-corvey.de/</subfield>
         </datafield>
      </record>