
      <record>
         <leader>00000nz  a2200169   4500</leader>
         <controlfield tag="001">30002880</controlfield>
         <controlfield tag="003">RISM</controlfield>
         <controlfield tag="005">20160216</controlfield>
         <controlfield tag="008">160216n||az|||||||##########||||||||||||</controlfield>
         <datafield tag="040" ind1=" " ind2=" ">
            <subfield code="a">D-COS</subfield>
         </datafield>
         <datafield tag="043" ind1=" " ind2=" ">
            <subfield code="c">XA-DE</subfield>
         </datafield>
         <datafield tag="110" ind1="2" ind2=" ">
            <subfield code="a">Kirchliche Archivbibliothek</subfield>
            <subfield code="c">Coswig bei Dresden</subfield>
            <subfield code="g">D-COS</subfield>
         </datafield>
         <datafield tag="622" ind1=" " ind2=" ">
            <subfield code="e">Kirchliche Archivbibliothek, 01640 Coswig bei Dresden, Germany</subfield>
         </datafield>
      </record>