
      <record>
         <leader>00000nz  a2200169   4500</leader>
         <controlfield tag="001">30000163</controlfield>
         <controlfield tag="003">RISM</controlfield>
         <controlfield tag="005">20160216</controlfield>
         <controlfield tag="008">160216n||az|||||||##########||||||||||||</controlfield>
         <datafield tag="040" ind1=" " ind2=" ">
            <subfield code="a">D-CR</subfield>
         </datafield>
         <datafield tag="043" ind1=" " ind2=" ">
            <subfield code="c">XA-DE</subfield>
         </datafield>
         <datafield tag="110" ind1="2" ind2=" ">
            <subfield code="a">Evangelisch-Lutherische Kirchgemeinde St. Laurentius, Kantoreiarchiv</subfield>
            <subfield code="c">Crimmitschau</subfield>
            <subfield code="g">D-CR</subfield>
         </datafield>
         <datafield tag="622" ind1=" " ind2=" ">
            <subfield code="e">Evangelisch-Lutherische Kirchgemeinde,  St. Laurentius, Kantoreiarchiv, Kirchplatz 3, 08451 Crimmitschau, Germany</subfield>
            <subfield code="u">http://www.kgv-crimmitschau.de/nachrichten/laurentius.php3</subfield>
         </datafield>
      </record>