
      <record>
         <leader>00000nz  a2200169   4500</leader>
         <controlfield tag="001">30000710</controlfield>
         <controlfield tag="003">RISM</controlfield>
         <controlfield tag="005">20160216</controlfield>
         <controlfield tag="008">160216n||az|||||||##########||||||||||||</controlfield>
         <datafield tag="040" ind1=" " ind2=" ">
            <subfield code="a">D-Cs</subfield>
         </datafield>
         <datafield tag="043" ind1=" " ind2=" ">
            <subfield code="c">XA-DE</subfield>
         </datafield>
         <datafield tag="110" ind1="2" ind2=" ">
            <subfield code="a">Staatsarchiv</subfield>
            <subfield code="c">Coburg</subfield>
            <subfield code="g">D-Cs</subfield>
         </datafield>
         <datafield tag="622" ind1=" " ind2=" ">
            <subfield code="e">Staatsarchiv, Herrngasse 11, 96450 Coburg, Germany</subfield>
            <subfield code="u">http://www.gda.bayern.de/archive/staatsarchiv-coburg.html</subfield>
         </datafield>
      </record>