
      <record>
         <leader>00000nz  a2200169   4500</leader>
         <controlfield tag="001">30000711</controlfield>
         <controlfield tag="003">RISM</controlfield>
         <controlfield tag="005">20160216</controlfield>
         <controlfield tag="008">160216n||az|||||||##########||||||||||||</controlfield>
         <datafield tag="040" ind1=" " ind2=" ">
            <subfield code="a">D-Cv</subfield>
         </datafield>
         <datafield tag="043" ind1=" " ind2=" ">
            <subfield code="c">XA-DE</subfield>
         </datafield>
         <datafield tag="110" ind1="2" ind2=" ">
            <subfield code="a">Kunstsammlungen der Veste Coburg, Bibliothek</subfield>
            <subfield code="c">Coburg</subfield>
            <subfield code="g">D-Cv</subfield>
         </datafield>
         <datafield tag="622" ind1=" " ind2=" ">
            <subfield code="e">Kunstsammlungen der Veste Coburg,,  Bibliothek, Veste, 96450 Coburg, Germany</subfield>
            <subfield code="u">http://www.kunstsammlungen-coburg.de/</subfield>
         </datafield>
      </record>