
      <record>
         <leader>00000nz  a2200169   4500</leader>
         <controlfield tag="001">30000716</controlfield>
         <controlfield tag="003">RISM</controlfield>
         <controlfield tag="005">20160216</controlfield>
         <controlfield tag="008">160216n||az|||||||##########||||||||||||</controlfield>
         <datafield tag="040" ind1=" " ind2=" ">
            <subfield code="a">D-CZu</subfield>
         </datafield>
         <datafield tag="043" ind1=" " ind2=" ">
            <subfield code="c">XA-DE</subfield>
         </datafield>
         <datafield tag="110" ind1="2" ind2=" ">
            <subfield code="a">Technische Universität, Universitätsbibliothek</subfield>
            <subfield code="c">Clausthal-Zellerfeld</subfield>
            <subfield code="g">D-CZu</subfield>
         </datafield>
         <datafield tag="622" ind1=" " ind2=" ">
            <subfield code="e">Technische Universität,,  Universitätsbibliothek, Leibnizstraße 2, 38678 Clausthal-Zellerfeld, Germany</subfield>
            <subfield code="u">http://www.ub.tu-clausthal.de/</subfield>
         </datafield>
      </record>