
      <record>
         <leader>00000nz  a2200169   4500</leader>
         <controlfield tag="001">30002882</controlfield>
         <controlfield tag="003">RISM</controlfield>
         <controlfield tag="005">20160216</controlfield>
         <controlfield tag="008">160216n||az|||||||##########||||||||||||</controlfield>
         <datafield tag="040" ind1=" " ind2=" ">
            <subfield code="a">D-DAU</subfield>
         </datafield>
         <datafield tag="043" ind1=" " ind2=" ">
            <subfield code="c">XA-DE</subfield>
         </datafield>
         <datafield tag="110" ind1="2" ind2=" ">
            <subfield code="a">Evangelische Kirchengemeinde Daumitsch, Pfarrarchiv</subfield>
            <subfield code="c">Daumitsch (Grobengereuth)</subfield>
            <subfield code="g">D-DAU</subfield>
         </datafield>
         <datafield tag="622" ind1=" " ind2=" ">
            <subfield code="e">Evangelische Kirchengemeinde Daumitsch,,  Pfarrarchiv, c/o Kirchengemeindeverband,  Gössitz-Wernburg, Schleizer Straße 22, 07381 Wernburg, Germany</subfield>
            <subfield code="u">http://www.ekmd.de/kirche/kirchenkreise/877.html?expanded=1132#1132</subfield>
         </datafield>
      </record>