
      <record>
         <leader>00000nz  a2200169   4500</leader>
         <controlfield tag="001">30006199</controlfield>
         <controlfield tag="003">RISM</controlfield>
         <controlfield tag="005">20160216</controlfield>
         <controlfield tag="008">160216n||az|||||||##########||||||||||||</controlfield>
         <datafield tag="040" ind1=" " ind2=" ">
            <subfield code="a">D-Ddkk</subfield>
         </datafield>
         <datafield tag="043" ind1=" " ind2=" ">
            <subfield code="c">XA-DE</subfield>
         </datafield>
         <datafield tag="110" ind1="2" ind2=" ">
            <subfield code="a">Dreikönigskirche, Pfarrarchiv</subfield>
            <subfield code="c">Dresden</subfield>
            <subfield code="g">D-Ddkk</subfield>
         </datafield>
         <datafield tag="622" ind1=" " ind2=" ">
            <subfield code="e">Dreikönigskirche, Pfarrarchiv, Haus der Kirche, Hauptstraße 23, 01097 Dresden, Germany</subfield>
            <subfield code="u">http://www.hdk-dkk.de/</subfield>
         </datafield>
      </record>