
      <record>
         <leader>00000nz  a2200169   4500</leader>
         <controlfield tag="001">30001103</controlfield>
         <controlfield tag="003">RISM</controlfield>
         <controlfield tag="005">20160216</controlfield>
         <controlfield tag="008">160216n||az|||||||##########||||||||||||</controlfield>
         <datafield tag="040" ind1=" " ind2=" ">
            <subfield code="a">D-DEl</subfield>
         </datafield>
         <datafield tag="043" ind1=" " ind2=" ">
            <subfield code="c">XA-DE</subfield>
         </datafield>
         <datafield tag="110" ind1="2" ind2=" ">
            <subfield code="a">Anhaltische Landesbücherei, Abteilung Sondersammlungen</subfield>
            <subfield code="c">Dessau</subfield>
            <subfield code="g">D-DEl</subfield>
         </datafield>
         <datafield tag="410" ind1="2" ind2=" ">
            <subfield code="a">Universitäts- und Landesbibliothek Sachsen-Anhalt, Stadtbibliothek</subfield>
         </datafield>
         <datafield tag="410" ind1="2" ind2=" ">
            <subfield code="a">Landesbibliothek mit Georgs-Bibliothek in Schloß Mosigkau</subfield>
         </datafield>
         <datafield tag="622" ind1=" " ind2=" ">
            <subfield code="e">Anhaltische Landesbücherei, Abteilung, Sondersammlungen, Zerbster Str. 10, 06844 Dessau, Germany</subfield>
            <subfield code="u">http://www.bibliothek.dessau-rosslau.de/</subfield>
         </datafield>
      </record>