
      <record>
         <leader>00000nz  a2200169   4500</leader>
         <controlfield tag="001">30077293</controlfield>
         <controlfield tag="003">RISM</controlfield>
         <controlfield tag="005">20160216</controlfield>
         <controlfield tag="008">160216n||az|||||||##########||||||||||||</controlfield>
         <datafield tag="040" ind1=" " ind2=" ">
            <subfield code="a">D-DElsa</subfield>
         </datafield>
         <datafield tag="043" ind1=" " ind2=" ">
            <subfield code="c">DE</subfield>
            <subfield code="c">XA-DE</subfield>
         </datafield>
         <datafield tag="110" ind1="2" ind2=" ">
            <subfield code="a">Landesarchiv Sachsen-Anhalt - Abteilung Dessau</subfield>
            <subfield code="c">Dessau</subfield>
            <subfield code="g">D-DElsa</subfield>
         </datafield>
         <datafield tag="622" ind1=" " ind2=" ">
            <subfield code="e">Landesarchiv Sachsen-Anhalt - Abteilung,  Dessau, Heidestraße 21, 06842 Dessau-Roßlau, Germany</subfield>
            <subfield code="u">http://www.lha.sachsen-anhalt.de/landesarchiv/standorte/dessau/</subfield>
         </datafield>
      </record>