
      <record>
         <leader>00000nz  a2200169   4500</leader>
         <controlfield tag="001">30001104</controlfield>
         <controlfield tag="003">RISM</controlfield>
         <controlfield tag="005">20160216</controlfield>
         <controlfield tag="008">160216n||az|||||||##########||||||||||||</controlfield>
         <datafield tag="040" ind1=" " ind2=" ">
            <subfield code="a">D-DEsa</subfield>
         </datafield>
         <datafield tag="043" ind1=" " ind2=" ">
            <subfield code="c">XA-DE</subfield>
         </datafield>
         <datafield tag="110" ind1="2" ind2=" ">
            <subfield code="a">Stadtarchiv Dessau-Roßlau</subfield>
            <subfield code="c">Dessau</subfield>
            <subfield code="g">D-DEsa</subfield>
         </datafield>
         <datafield tag="410" ind1="2" ind2=" ">
            <subfield code="a">Stadtarchiv, Rathaus</subfield>
         </datafield>
         <datafield tag="622" ind1=" " ind2=" ">
            <subfield code="e">Stadtarchiv Dessau-Roßlau, Lange Gasse 22, 06844 Dessau-Roßlau, Germany</subfield>
            <subfield code="u">http://www.stadtarchiv.dessau.de/</subfield>
         </datafield>
      </record>