
      <record>
         <leader>00000nz  a2200169   4500</leader>
         <controlfield tag="001">30003782</controlfield>
         <controlfield tag="003">RISM</controlfield>
         <controlfield tag="005">20160216</controlfield>
         <controlfield tag="008">160216n||az|||||||##########||||||||||||</controlfield>
         <datafield tag="040" ind1=" " ind2=" ">
            <subfield code="a">D-DESp</subfield>
         </datafield>
         <datafield tag="043" ind1=" " ind2=" ">
            <subfield code="c">XA-DE</subfield>
         </datafield>
         <datafield tag="110" ind1="2" ind2=" ">
            <subfield code="a">Evangelische Kirchengemeinde Denstedt, Pfarrarchiv</subfield>
            <subfield code="c">Denstedt (Kromsdorf)</subfield>
            <subfield code="g">D-DESp</subfield>
         </datafield>
         <datafield tag="622" ind1=" " ind2=" ">
            <subfield code="e">Evangelische Kirchengemeinde Denstedt,,  Pfarrarchiv, c/o Pfarrstelle Weimar III, Herderplatz 6, 99423 Weimar, Germany</subfield>
            <subfield code="u">http://goo.gl/35pGjV</subfield>
         </datafield>
      </record>