
      <record>
         <leader>00000nz  a2200169   4500</leader>
         <controlfield tag="001">30080461</controlfield>
         <controlfield tag="003">RISM</controlfield>
         <controlfield tag="005">20160216</controlfield>
         <controlfield tag="008">160216n||az|||||||##########||||||||||||</controlfield>
         <datafield tag="040" ind1=" " ind2=" ">
            <subfield code="a">D-DGla</subfield>
         </datafield>
         <datafield tag="043" ind1=" " ind2=" ">
            <subfield code="c">XA-DE</subfield>
         </datafield>
         <datafield tag="110" ind1="2" ind2=" ">
            <subfield code="a">Landesarchiv Nordrhein-Westfalen - Abteilung Rheinland</subfield>
            <subfield code="c">Duisburg</subfield>
            <subfield code="g">D-DGla</subfield>
         </datafield>
         <datafield tag="622" ind1=" " ind2=" ">
            <subfield code="e">Landesarchiv Nordrhein-Westfalen -,  Abteilung Rheinland, Schifferstraße 30, 47059 Duisburg, Germany</subfield>
            <subfield code="u">http://www.archive.nrw.de/lav/abteilungen/rheinland/profil_zustaendigkeit/index.php</subfield>
         </datafield>
      </record>