
      <record>
         <leader>00000nz  a2200169   4500</leader>
         <controlfield tag="001">30002746</controlfield>
         <controlfield tag="003">RISM</controlfield>
         <controlfield tag="005">20160216</controlfield>
         <controlfield tag="008">160216n||az|||||||##########||||||||||||</controlfield>
         <datafield tag="040" ind1=" " ind2=" ">
            <subfield code="a">D-DGm</subfield>
         </datafield>
         <datafield tag="043" ind1=" " ind2=" ">
            <subfield code="c">XA-DE</subfield>
         </datafield>
         <datafield tag="110" ind1="2" ind2=" ">
            <subfield code="a">Kultur- und Stadthistorisches Museum</subfield>
            <subfield code="c">Duisburg</subfield>
            <subfield code="g">D-DGm</subfield>
         </datafield>
         <datafield tag="410" ind1="2" ind2=" ">
            <subfield code="a">Niederrheinisches Museum der Stadt</subfield>
         </datafield>
         <datafield tag="622" ind1=" " ind2=" ">
            <subfield code="e">Kultur- und Stadthistorisches Museum, Johannes-Corputius-Platz 1, 47051 Duisburg, Germany</subfield>
            <subfield code="u">http://www.stadtmuseum-duisburg.de/index.htm</subfield>
         </datafield>
      </record>