
      <record>
         <leader>00000nz  a2200169   4500</leader>
         <controlfield tag="001">30000123</controlfield>
         <controlfield tag="003">RISM</controlfield>
         <controlfield tag="005">20160216</controlfield>
         <controlfield tag="008">160216n||az|||||||##########||||||||||||</controlfield>
         <datafield tag="040" ind1=" " ind2=" ">
            <subfield code="a">D-DGs</subfield>
         </datafield>
         <datafield tag="043" ind1=" " ind2=" ">
            <subfield code="c">XA-DE</subfield>
         </datafield>
         <datafield tag="110" ind1="2" ind2=" ">
            <subfield code="a">Zentralbibliothek, Musikbibliothek</subfield>
            <subfield code="c">Duisburg</subfield>
            <subfield code="g">D-DGs</subfield>
         </datafield>
         <datafield tag="410" ind1="2" ind2=" ">
            <subfield code="a">Stadtbibliothek</subfield>
         </datafield>
         <datafield tag="622" ind1=" " ind2=" ">
            <subfield code="e">Zentralbibliothek, Musikbibliothek, Steinsche Gasse 26, 47051 Duisburg, Germany</subfield>
            <subfield code="u">http://www.duisburg.de/stadtbib/vorort/zentrale/musikbibliothek.php</subfield>
         </datafield>
      </record>