
      <record>
         <leader>00000nz  a2200169   4500</leader>
         <controlfield tag="001">30001100</controlfield>
         <controlfield tag="003">RISM</controlfield>
         <controlfield tag="005">20160216</controlfield>
         <controlfield tag="008">160216n||az|||||||##########||||||||||||</controlfield>
         <datafield tag="040" ind1=" " ind2=" ">
            <subfield code="a">D-Dhm</subfield>
         </datafield>
         <datafield tag="043" ind1=" " ind2=" ">
            <subfield code="c">XA-DE</subfield>
         </datafield>
         <datafield tag="110" ind1="2" ind2=" ">
            <subfield code="a">Hochschule für Musik Carl Maria von Weber, Bibliothek</subfield>
            <subfield code="c">Dresden</subfield>
            <subfield code="g">D-Dhm</subfield>
         </datafield>
         <datafield tag="410" ind1="2" ind2=" ">
            <subfield code="a">Konservatorium der Landeshauptstadt</subfield>
         </datafield>
         <datafield tag="410" ind1="2" ind2=" ">
            <subfield code="a">Staatliche Akademie für Musik und Theater</subfield>
         </datafield>
         <datafield tag="410" ind1="2" ind2=" ">
            <subfield code="a">Kgl. Konservatorium</subfield>
         </datafield>
         <datafield tag="580" ind1=" " ind2=" ">
            <subfield code="x">D-Dl</subfield>
            <subfield code="0">30000042</subfield>
         </datafield>
         <datafield tag="622" ind1=" " ind2=" ">
            <subfield code="e">Hochschule für Musik Carl Maria von,  Weber, Bibliothek, Wettiner Platz 13, 01067 Dresden, Germany</subfield>
            <subfield code="u">http://www.hfmdd.de/hochschule/einrichtungen/bibliothek/</subfield>
         </datafield>
      </record>