
      <record>
         <leader>00000nz  a2200169   4500</leader>
         <controlfield tag="001">30000719</controlfield>
         <controlfield tag="003">RISM</controlfield>
         <controlfield tag="005">20160216</controlfield>
         <controlfield tag="008">160216n||az|||||||##########||||||||||||</controlfield>
         <datafield tag="040" ind1=" " ind2=" ">
            <subfield code="a">D-DI</subfield>
         </datafield>
         <datafield tag="043" ind1=" " ind2=" ">
            <subfield code="c">XA-DE</subfield>
         </datafield>
         <datafield tag="110" ind1="2" ind2=" ">
            <subfield code="a">Studienbibliothek</subfield>
            <subfield code="c">Dillingen an der Donau</subfield>
            <subfield code="g">D-DI</subfield>
         </datafield>
         <datafield tag="410" ind1="2" ind2=" ">
            <subfield code="a">Kreis- und Studienbibliothek</subfield>
         </datafield>
         <datafield tag="622" ind1=" " ind2=" ">
            <subfield code="e">Studienbibliothek, Kardinal-von-Waldburg-Straße 51, 89407 Dillingen an der Donau, Germany</subfield>
            <subfield code="u">http://www.studienbibliothek-dillingen.de/index.php?id=19</subfield>
         </datafield>
      </record>