
      <record>
         <leader>00000nz  a2200169   4500</leader>
         <controlfield tag="001">30000721</controlfield>
         <controlfield tag="003">RISM</controlfield>
         <controlfield tag="005">20160216</controlfield>
         <controlfield tag="008">160216n||az|||||||##########||||||||||||</controlfield>
         <datafield tag="040" ind1=" " ind2=" ">
            <subfield code="a">D-DIE</subfield>
         </datafield>
         <datafield tag="043" ind1=" " ind2=" ">
            <subfield code="c">XA-DE</subfield>
         </datafield>
         <datafield tag="110" ind1="2" ind2=" ">
            <subfield code="a">Katholisches Pfarramt Mariä Himmelfahrt</subfield>
            <subfield code="c">Dietramszell</subfield>
            <subfield code="g">D-DIE</subfield>
         </datafield>
         <datafield tag="622" ind1=" " ind2=" ">
            <subfield code="e">Katholisches Pfarramt Mariä Himmelfahrt, Am Richteranger 8, 83623 Dietramszell, Germany</subfield>
            <subfield code="u">http://www.pfarrverband-dietramszell.de/default.html</subfield>
         </datafield>
      </record>