
      <record>
         <leader>00000nz  a2200169   4500</leader>
         <controlfield tag="001">30000722</controlfield>
         <controlfield tag="003">RISM</controlfield>
         <controlfield tag="005">20160216</controlfield>
         <controlfield tag="008">160216n||az|||||||##########||||||||||||</controlfield>
         <datafield tag="040" ind1=" " ind2=" ">
            <subfield code="a">D-DIN</subfield>
         </datafield>
         <datafield tag="043" ind1=" " ind2=" ">
            <subfield code="c">XA-DE</subfield>
         </datafield>
         <datafield tag="110" ind1="2" ind2=" ">
            <subfield code="a">Katholisches Pfarramt St. Georg, Bibliothek</subfield>
            <subfield code="c">Dinkelsbühl</subfield>
            <subfield code="g">D-DIN</subfield>
         </datafield>
         <datafield tag="622" ind1=" " ind2=" ">
            <subfield code="e">Katholisches Pfarramt St. Georg,,  Bibliothek, Kirchhöflein 6, 91550 Dinkelsbühl, Germany</subfield>
            <subfield code="u">http://www.st-georg-dinkelsbuehl.de/index.php</subfield>
         </datafield>
      </record>