
      <record>
         <leader>00000nz  a2200169   4500</leader>
         <controlfield tag="001">30077178</controlfield>
         <controlfield tag="003">RISM</controlfield>
         <controlfield tag="005">20160216</controlfield>
         <controlfield tag="008">160216n||az|||||||##########||||||||||||</controlfield>
         <datafield tag="040" ind1=" " ind2=" ">
            <subfield code="a">D-DINK</subfield>
         </datafield>
         <datafield tag="043" ind1=" " ind2=" ">
            <subfield code="c">XA-DE</subfield>
         </datafield>
         <datafield tag="110" ind1="2" ind2=" ">
            <subfield code="a">Heimatmuseum Reischenau</subfield>
            <subfield code="c">Dinkelscherben</subfield>
            <subfield code="g">D-DINK</subfield>
         </datafield>
         <datafield tag="622" ind1=" " ind2=" ">
            <subfield code="e">Heimatmuseum Reischenau, Augsburgerstr. 27, 86424 Dinkelscherben, Germany</subfield>
            <subfield code="u">http://www.heimatverein-reischenau.de/index.php/museum</subfield>
         </datafield>
      </record>