
      <record>
         <leader>00000nz  a2200169   4500</leader>
         <controlfield tag="001">30001105</controlfield>
         <controlfield tag="003">RISM</controlfield>
         <controlfield tag="005">20160216</controlfield>
         <controlfield tag="008">160216n||az|||||||##########||||||||||||</controlfield>
         <datafield tag="040" ind1=" " ind2=" ">
            <subfield code="a">D-DIP</subfield>
         </datafield>
         <datafield tag="043" ind1=" " ind2=" ">
            <subfield code="c">XA-DE</subfield>
         </datafield>
         <datafield tag="110" ind1="2" ind2=" ">
            <subfield code="a">Evangelisch-Lutherisches Pfarrarchiv</subfield>
            <subfield code="c">Dippoldiswalde</subfield>
            <subfield code="g">D-DIP</subfield>
         </datafield>
         <datafield tag="410" ind1="2" ind2=" ">
            <subfield code="a">Kirchenbibliothek und Musikbibliothek des Evangelisch-Lutherischen Pfarrarchivs</subfield>
         </datafield>
         <datafield tag="622" ind1=" " ind2=" ">
            <subfield code="e">Evangelisch-Lutherisches Pfarrarchiv, Kirchplatz 12, 01744 Dippoldiswalde, Germany</subfield>
         </datafield>
      </record>