
      <record>
         <leader>00000nz  a2200169   4500</leader>
         <controlfield tag="001">30061563</controlfield>
         <controlfield tag="003">RISM</controlfield>
         <controlfield tag="005">20160216</controlfield>
         <controlfield tag="008">160216n||az|||||||##########||||||||||||</controlfield>
         <datafield tag="040" ind1=" " ind2=" ">
            <subfield code="a">D-DIshm</subfield>
         </datafield>
         <datafield tag="043" ind1=" " ind2=" ">
            <subfield code="c">XA-DE</subfield>
         </datafield>
         <datafield tag="110" ind1="2" ind2=" ">
            <subfield code="a">Stadt- und Hochstiftmuseum</subfield>
            <subfield code="c">Dillingen an der Donau</subfield>
            <subfield code="g">D-DIshm</subfield>
         </datafield>
         <datafield tag="622" ind1=" " ind2=" ">
            <subfield code="e">Stadt- und Hochstiftmuseum, Am Hafenmarkt 11, 89407 Dillingen an der Donau, Germany</subfield>
            <subfield code="u">http://www.historischer-verein-dillingen.de/</subfield>
         </datafield>
      </record>