
      <record>
         <leader>00000nz  a2200169   4500</leader>
         <controlfield tag="001">30003763</controlfield>
         <controlfield tag="003">RISM</controlfield>
         <controlfield tag="005">20160216</controlfield>
         <controlfield tag="008">160216n||az|||||||##########||||||||||||</controlfield>
         <datafield tag="040" ind1=" " ind2=" ">
            <subfield code="a">D-DISp</subfield>
         </datafield>
         <datafield tag="043" ind1=" " ind2=" ">
            <subfield code="c">XA-DE</subfield>
         </datafield>
         <datafield tag="110" ind1="2" ind2=" ">
            <subfield code="a">Evangelische Kirchengemeinde Dienstädt, Pfarrarchiv</subfield>
            <subfield code="c">Dienstädt (Eichenberg)</subfield>
            <subfield code="g">D-DISp</subfield>
         </datafield>
         <datafield tag="622" ind1=" " ind2=" ">
            <subfield code="e">Evangelische Kirchengemeinde Dienstädt,,  Pfarrarchiv, c/o Pfarramt Orlamünde, Burgstr. 65, 07768 Orlamünde, Germany</subfield>
            <subfield code="u">http://www.ekmd.de/kirche/kirchenkreise/12.html?expanded=651#651</subfield>
         </datafield>
      </record>