
      <record>
         <leader>00000nz  a2200169   4500</leader>
         <controlfield tag="001">30001101</controlfield>
         <controlfield tag="003">RISM</controlfield>
         <controlfield tag="005">20160216</controlfield>
         <controlfield tag="008">160216n||az|||||||##########||||||||||||</controlfield>
         <datafield tag="040" ind1=" " ind2=" ">
            <subfield code="a">D-Dkh</subfield>
         </datafield>
         <datafield tag="043" ind1=" " ind2=" ">
            <subfield code="c">XA-DE</subfield>
         </datafield>
         <datafield tag="110" ind1="2" ind2=" ">
            <subfield code="a">Kathedrale (ehemals Katholische Hofkirche), Kapellknabeninstitut, Notenbibliothek</subfield>
            <subfield code="c">Dresden</subfield>
            <subfield code="g">D-Dkh</subfield>
         </datafield>
         <datafield tag="580" ind1=" " ind2=" ">
            <subfield code="x">D-Dl</subfield>
            <subfield code="0">30000042</subfield>
         </datafield>
         <datafield tag="622" ind1=" " ind2=" ">
            <subfield code="e">Kathedrale (ehemals Katholische,  Hofkirche), Kapellknabeninstitut,,  Notenbibliothek, Wittenberger Str. 88, 01277 Dresden, Germany</subfield>
            <subfield code="u">http://www.kapellknaben.de/</subfield>
         </datafield>
      </record>