
      <record>
         <leader>00000nz  a2200169   4500</leader>
         <controlfield tag="001">30001106</controlfield>
         <controlfield tag="003">RISM</controlfield>
         <controlfield tag="005">20160216</controlfield>
         <controlfield tag="008">160216n||az|||||||##########||||||||||||</controlfield>
         <datafield tag="040" ind1=" " ind2=" ">
            <subfield code="a">D-DL</subfield>
         </datafield>
         <datafield tag="043" ind1=" " ind2=" ">
            <subfield code="c">XA-DE</subfield>
         </datafield>
         <datafield tag="110" ind1="2" ind2=" ">
            <subfield code="a">Museum Schloss Delitzsch, Bibliothek</subfield>
            <subfield code="c">Delitzsch</subfield>
            <subfield code="g">D-DL</subfield>
         </datafield>
         <datafield tag="410" ind1="2" ind2=" ">
            <subfield code="a">Heimatmuseum</subfield>
         </datafield>
         <datafield tag="622" ind1=" " ind2=" ">
            <subfield code="e">Museum Schloss Delitzsch, Bibliothek, Schlossstr. 31, 04509 Delitzsch, Germany</subfield>
         </datafield>
      </record>