
      <record>
         <leader>00000nz  a2200169   4500</leader>
         <controlfield tag="001">30000042</controlfield>
         <controlfield tag="003">RISM</controlfield>
         <controlfield tag="005">20160216</controlfield>
         <controlfield tag="008">160216n||az|||||||##########||||||||||||</controlfield>
         <datafield tag="040" ind1=" " ind2=" ">
            <subfield code="a">D-Dl</subfield>
         </datafield>
         <datafield tag="043" ind1=" " ind2=" ">
            <subfield code="c">XA-DE</subfield>
         </datafield>
         <datafield tag="110" ind1="2" ind2=" ">
            <subfield code="a">Sächsische Landesbibliothek - Staats- und Universitätsbibliothek (SLUB)</subfield>
            <subfield code="c">Dresden</subfield>
            <subfield code="g">D-Dl</subfield>
         </datafield>
         <datafield tag="410" ind1="2" ind2=" ">
            <subfield code="a">Kgl. Öffentliche Bibliothek</subfield>
         </datafield>
         <datafield tag="510" ind1="2" ind2=" ">
            <subfield code="a">Sächsische Landesbibliothek - Staats- und Universitätsbibliothek &lt;Dresden&gt;</subfield>
         </datafield>
         <datafield tag="510" ind1="2" ind2=" ">
            <subfield code="a">Sächsische Landesbibliothek &lt;Dresden&gt;</subfield>
         </datafield>
         <datafield tag="622" ind1=" " ind2=" ">
            <subfield code="e">Sächsische Landesbibliothek - Staats-, und Universitätsbibliothek (SLUB), Zellescher Weg 18, 01069 Dresden, Germany</subfield>
            <subfield code="u">http://www.slub-dresden.de</subfield>
         </datafield>
         <datafield tag="710" ind1="2" ind2=" ">
            <subfield code="a">Bibliothek und Museum Löbau</subfield>
            <subfield code="0">30060864</subfield>
         </datafield>
      </record>