
      <record>
         <leader>00000nz  a2200169   4500</leader>
         <controlfield tag="001">30002881</controlfield>
         <controlfield tag="003">RISM</controlfield>
         <controlfield tag="005">20160216</controlfield>
         <controlfield tag="008">160216n||az|||||||##########||||||||||||</controlfield>
         <datafield tag="040" ind1=" " ind2=" ">
            <subfield code="a">D-Dlk</subfield>
         </datafield>
         <datafield tag="043" ind1=" " ind2=" ">
            <subfield code="c">XA-DE</subfield>
         </datafield>
         <datafield tag="110" ind1="2" ind2=" ">
            <subfield code="a">Landeskirchenarchiv der Evangelisch-Lutherischen Landeskirche Sachsens</subfield>
            <subfield code="c">Dresden</subfield>
            <subfield code="g">D-Dlk</subfield>
         </datafield>
         <datafield tag="622" ind1=" " ind2=" ">
            <subfield code="e">Landeskirchenarchiv der,  Evangelisch-Lutherischen Landeskirche,  Sachsens, Lukasstr. 6, 01069 Dresden, Germany</subfield>
            <subfield code="u">http://www.evlks.de/landeskirche/landeskirchenamt/101.html</subfield>
         </datafield>
      </record>