
      <record>
         <leader>00000nz  a2200169   4500</leader>
         <controlfield tag="001">30004147</controlfield>
         <controlfield tag="003">RISM</controlfield>
         <controlfield tag="005">20160216</controlfield>
         <controlfield tag="008">160216n||az|||||||##########||||||||||||</controlfield>
         <datafield tag="040" ind1=" " ind2=" ">
            <subfield code="a">D-DLKm</subfield>
         </datafield>
         <datafield tag="043" ind1=" " ind2=" ">
            <subfield code="c">XA-DE</subfield>
         </datafield>
         <datafield tag="110" ind1="2" ind2=" ">
            <subfield code="a">Stadtbibliothek, Musikbibliothek</subfield>
            <subfield code="c">Dinslaken</subfield>
            <subfield code="g">D-DLKm</subfield>
         </datafield>
         <datafield tag="622" ind1=" " ind2=" ">
            <subfield code="e">Stadtbibliothek, Musikbibliothek, Friedrich-Ebert-Str. 84, 46535 Dinslaken, Germany</subfield>
            <subfield code="u">http://www.bibliothek-dinslaken.de/</subfield>
         </datafield>
      </record>