
      <record>
         <leader>00000nz  a2200169   4500</leader>
         <controlfield tag="001">30001107</controlfield>
         <controlfield tag="003">RISM</controlfield>
         <controlfield tag="005">20160216</controlfield>
         <controlfield tag="008">160216n||az|||||||##########||||||||||||</controlfield>
         <datafield tag="040" ind1=" " ind2=" ">
            <subfield code="a">D-DLs</subfield>
         </datafield>
         <datafield tag="043" ind1=" " ind2=" ">
            <subfield code="c">XA-DE</subfield>
         </datafield>
         <datafield tag="110" ind1="2" ind2=" ">
            <subfield code="a">Evangelische Superintendentur des Kirchenkreises Torgau-Delitzsch</subfield>
            <subfield code="c">Delitzsch</subfield>
            <subfield code="g">D-DLs</subfield>
         </datafield>
         <datafield tag="622" ind1=" " ind2=" ">
            <subfield code="e">Evangelische Superintendentur des,  Kirchenkreises Torgau-Delitzsch, Schlossstr. 26, 04509 Delitzsch, Germany</subfield>
            <subfield code="u">http://goo.gl/TmOGPZ</subfield>
         </datafield>
      </record>