
      <record>
         <leader>00000nz  a2200169   4500</leader>
         <controlfield tag="001">30000723</controlfield>
         <controlfield tag="003">RISM</controlfield>
         <controlfield tag="005">20160216</controlfield>
         <controlfield tag="008">160216n||az|||||||##########||||||||||||</controlfield>
         <datafield tag="040" ind1=" " ind2=" ">
            <subfield code="a">D-DM</subfield>
         </datafield>
         <datafield tag="043" ind1=" " ind2=" ">
            <subfield code="c">XA-DE</subfield>
         </datafield>
         <datafield tag="110" ind1="2" ind2=" ">
            <subfield code="a">Stadt- und Landesbibliothek, Zentralbibliothek</subfield>
            <subfield code="c">Dortmund</subfield>
            <subfield code="g">D-DM</subfield>
         </datafield>
         <datafield tag="410" ind1="2" ind2=" ">
            <subfield code="a">Stadt- und Landesbibliothek, Musikabteilung</subfield>
         </datafield>
         <datafield tag="622" ind1=" " ind2=" ">
            <subfield code="e">Stadt- und Landesbibliothek,,  Zentralbibliothek, Max-von-der-Grün-Platz 1-3, 44137 Dortmund, Germany</subfield>
            <subfield code="u">http://goo.gl/7h3wb</subfield>
         </datafield>
      </record>