
      <record>
         <leader>00000nz  a2200169   4500</leader>
         <controlfield tag="001">30080518</controlfield>
         <controlfield tag="003">RISM</controlfield>
         <controlfield tag="005">20160216</controlfield>
         <controlfield tag="008">160216n||az|||||||##########||||||||||||</controlfield>
         <datafield tag="040" ind1=" " ind2=" ">
            <subfield code="a">D-DN</subfield>
         </datafield>
         <datafield tag="043" ind1=" " ind2=" ">
            <subfield code="c">XA-DE</subfield>
         </datafield>
         <datafield tag="110" ind1="2" ind2=" ">
            <subfield code="a">Carl Orff-Stiftung</subfield>
            <subfield code="c">Dießen am Ammersee</subfield>
            <subfield code="g">D-DN</subfield>
         </datafield>
         <datafield tag="622" ind1=" " ind2=" ">
            <subfield code="e">Carl Orff-Stiftung, Ziegelstadel 1, 86911 Dießen am Ammersee, Germany</subfield>
            <subfield code="u">http://www.orff.de/</subfield>
         </datafield>
      </record>