
      <record>
         <leader>00000nz  a2200169   4500</leader>
         <controlfield tag="001">30000264</controlfield>
         <controlfield tag="003">RISM</controlfield>
         <controlfield tag="005">20160216</controlfield>
         <controlfield tag="008">160216n||az|||||||##########||||||||||||</controlfield>
         <datafield tag="040" ind1=" " ind2=" ">
            <subfield code="a">D-DO</subfield>
         </datafield>
         <datafield tag="043" ind1=" " ind2=" ">
            <subfield code="c">XA-DE</subfield>
         </datafield>
         <datafield tag="110" ind1="2" ind2=" ">
            <subfield code="a">Fürstlich Fürstenbergische Hofbibliothek</subfield>
            <subfield code="c">Donaueschingen</subfield>
            <subfield code="g">D-DO</subfield>
         </datafield>
         <datafield tag="580" ind1=" " ind2=" ">
            <subfield code="x">D-KA</subfield>
            <subfield code="0">30000839</subfield>
         </datafield>
         <datafield tag="622" ind1=" " ind2=" ">
            <subfield code="e">Fürstlich Fürstenbergische Hofbibliothek, Haldenstraße 3, 78166 Donaueschingen, Germany</subfield>
            <subfield code="u">http://www.alte-hofbibliothek.de/</subfield>
         </datafield>
      </record>