
      <record>
         <leader>00000nz  a2200169   4500</leader>
         <controlfield tag="001">30001108</controlfield>
         <controlfield tag="003">RISM</controlfield>
         <controlfield tag="005">20160216</controlfield>
         <controlfield tag="008">160216n||az|||||||##########||||||||||||</controlfield>
         <datafield tag="040" ind1=" " ind2=" ">
            <subfield code="a">D-DÖ</subfield>
         </datafield>
         <datafield tag="043" ind1=" " ind2=" ">
            <subfield code="c">XA-DE</subfield>
         </datafield>
         <datafield tag="110" ind1="2" ind2=" ">
            <subfield code="a">Pfarrbibliothek St. Nikolai</subfield>
            <subfield code="c">Döbeln</subfield>
            <subfield code="g">D-DÖ</subfield>
         </datafield>
         <datafield tag="622" ind1=" " ind2=" ">
            <subfield code="e">Pfarrbibliothek St. Nikolai, Kleine Kirchgasse 1, 04720 Döbeln, Germany</subfield>
         </datafield>
      </record>