
      <record>
         <leader>00000nz  a2200169   4500</leader>
         <controlfield tag="001">30000724</controlfield>
         <controlfield tag="003">RISM</controlfield>
         <controlfield tag="005">20160216</controlfield>
         <controlfield tag="008">160216n||az|||||||##########||||||||||||</controlfield>
         <datafield tag="040" ind1=" " ind2=" ">
            <subfield code="a">D-DÖF</subfield>
         </datafield>
         <datafield tag="043" ind1=" " ind2=" ">
            <subfield code="c">XA-DE</subfield>
         </datafield>
         <datafield tag="110" ind1="2" ind2=" ">
            <subfield code="a">Evangelische Kirchengemeinde Döffingen, Pfarrbibliothek</subfield>
            <subfield code="c">Grafenau-Döffingen</subfield>
            <subfield code="g">D-DÖF</subfield>
         </datafield>
         <datafield tag="622" ind1=" " ind2=" ">
            <subfield code="e">Evangelische Kirchengemeinde Döffingen,,  Pfarrbibliothek, Eberhardstraße 13, 71120 Grafenau-Döffingen, Germany</subfield>
            <subfield code="u">http://www.ev-kirche-grafenau.de/</subfield>
         </datafield>
      </record>