
      <record>
         <leader>00000nz  a2200169   4500</leader>
         <controlfield tag="001">30003783</controlfield>
         <controlfield tag="003">RISM</controlfield>
         <controlfield tag="005">20160216</controlfield>
         <controlfield tag="008">160216n||az|||||||##########||||||||||||</controlfield>
         <datafield tag="040" ind1=" " ind2=" ">
            <subfield code="a">D-DRBka</subfield>
         </datafield>
         <datafield tag="043" ind1=" " ind2=" ">
            <subfield code="c">XA-DE</subfield>
         </datafield>
         <datafield tag="110" ind1="2" ind2=" ">
            <subfield code="a">Kantoreiarchiv</subfield>
            <subfield code="c">Drebach</subfield>
            <subfield code="g">D-DRBka</subfield>
         </datafield>
         <datafield tag="622" ind1=" " ind2=" ">
            <subfield code="e">Kantoreiarchiv, Ev.-luth. Kirchgemeinde, Venusberger Straße 3, 09430 Drebach, Germany</subfield>
            <subfield code="u">http://www.kirche-drebach.de/</subfield>
         </datafield>
      </record>