
      <record>
         <leader>00000nz  a2200169   4500</leader>
         <controlfield tag="001">30002883</controlfield>
         <controlfield tag="003">RISM</controlfield>
         <controlfield tag="005">20160216</controlfield>
         <controlfield tag="008">160216n||az|||||||##########||||||||||||</controlfield>
         <datafield tag="040" ind1=" " ind2=" ">
            <subfield code="a">D-DRD</subfield>
         </datafield>
         <datafield tag="043" ind1=" " ind2=" ">
            <subfield code="c">XA-DE</subfield>
         </datafield>
         <datafield tag="110" ind1="2" ind2=" ">
            <subfield code="a">Evangelisch-Lutherische Kirchengemeinde Drackendorf, Pfarrarchiv</subfield>
            <subfield code="c">Jena-Drackendorf</subfield>
            <subfield code="g">D-DRD</subfield>
         </datafield>
         <datafield tag="622" ind1=" " ind2=" ">
            <subfield code="e">Evangelisch-Lutherische Kirchengemeinde,  Drackendorf, Pfarrarchiv, Kirchengemeindeverband Lobeda, Am Goethepark 12, 07751 Jena-Drackendorf, Germany</subfield>
            <subfield code="u">http://kirche.lobeda.thur.de/</subfield>
         </datafield>
      </record>