
      <record>
         <leader>00000nz  a2200169   4500</leader>
         <controlfield tag="001">30001109</controlfield>
         <controlfield tag="003">RISM</controlfield>
         <controlfield tag="005">20160216</controlfield>
         <controlfield tag="008">160216n||az|||||||##########||||||||||||</controlfield>
         <datafield tag="040" ind1=" " ind2=" ">
            <subfield code="a">D-DRÜ</subfield>
         </datafield>
         <datafield tag="043" ind1=" " ind2=" ">
            <subfield code="c">XA-DE</subfield>
         </datafield>
         <datafield tag="110" ind1="2" ind2=" ">
            <subfield code="a">Evangelische Kirchengemeinde</subfield>
            <subfield code="c">Ilsenburg-Drübeck</subfield>
            <subfield code="g">D-DRÜ</subfield>
         </datafield>
         <datafield tag="622" ind1=" " ind2=" ">
            <subfield code="e">Evangelische Kirchengemeinde, Schulstr. 12, 38871 Drübeck, Germany</subfield>
            <subfield code="u">http://goo.gl/4g8UU0</subfield>
         </datafield>
      </record>