
      <record>
         <leader>00000nz  a2200169   4500</leader>
         <controlfield tag="001">30000036</controlfield>
         <controlfield tag="003">RISM</controlfield>
         <controlfield tag="005">20160216</controlfield>
         <controlfield tag="008">160216n||az|||||||##########||||||||||||</controlfield>
         <datafield tag="040" ind1=" " ind2=" ">
            <subfield code="a">D-DS</subfield>
         </datafield>
         <datafield tag="043" ind1=" " ind2=" ">
            <subfield code="c">XA-DE</subfield>
         </datafield>
         <datafield tag="110" ind1="2" ind2=" ">
            <subfield code="a">Universitäts- und Landesbibliothek, Musikabteilung</subfield>
            <subfield code="c">Darmstadt</subfield>
            <subfield code="g">D-DS</subfield>
         </datafield>
         <datafield tag="410" ind1="2" ind2=" ">
            <subfield code="a">Großherzoglich Hessische Hofmusik-Bibliothek</subfield>
         </datafield>
         <datafield tag="410" ind1="2" ind2=" ">
            <subfield code="a">Großherzoglich Hessische Hof- und Landesbibliothek, Musikabteilung</subfield>
         </datafield>
         <datafield tag="410" ind1="2" ind2=" ">
            <subfield code="a">Hessische Landes- und Hochschulbibliothek, Musikabteilung</subfield>
         </datafield>
         <datafield tag="622" ind1=" " ind2=" ">
            <subfield code="e">Universitäts- und Landesbibliothek,,  Musikabteilung, Magdalenenstraße 8, 64289 Darmstadt, Germany</subfield>
            <subfield code="u">http://goo.gl/sB3qD7</subfield>
         </datafield>
      </record>