
      <record>
         <leader>00000nz  a2200169   4500</leader>
         <controlfield tag="001">30003262</controlfield>
         <controlfield tag="003">RISM</controlfield>
         <controlfield tag="005">20160216</controlfield>
         <controlfield tag="008">160216n||az|||||||##########||||||||||||</controlfield>
         <datafield tag="040" ind1=" " ind2=" ">
            <subfield code="a">D-Ds</subfield>
         </datafield>
         <datafield tag="043" ind1=" " ind2=" ">
            <subfield code="c">XA-DE</subfield>
         </datafield>
         <datafield tag="110" ind1="2" ind2=" ">
            <subfield code="a">Sächsische Staatsoper, Notenarchiv</subfield>
            <subfield code="c">Dresden</subfield>
            <subfield code="g">D-Ds</subfield>
         </datafield>
         <datafield tag="410" ind1="2" ind2=" ">
            <subfield code="a">Semperoper</subfield>
         </datafield>
         <datafield tag="580" ind1=" " ind2=" ">
            <subfield code="x">D-Dl</subfield>
            <subfield code="0">30000042</subfield>
         </datafield>
         <datafield tag="622" ind1=" " ind2=" ">
            <subfield code="e">Sächsische Staatsoper, Notenarchiv, Theaterplatz 2, 01067 Dresden, Germany</subfield>
            <subfield code="u">http://www.semperoper.de</subfield>
         </datafield>
      </record>