
      <record>
         <leader>00000nz  a2200169   4500</leader>
         <controlfield tag="001">30000725</controlfield>
         <controlfield tag="003">RISM</controlfield>
         <controlfield tag="005">20160216</controlfield>
         <controlfield tag="008">160216n||az|||||||##########||||||||||||</controlfield>
         <datafield tag="040" ind1=" " ind2=" ">
            <subfield code="a">D-DSim</subfield>
         </datafield>
         <datafield tag="043" ind1=" " ind2=" ">
            <subfield code="c">XA-DE</subfield>
         </datafield>
         <datafield tag="110" ind1="2" ind2=" ">
            <subfield code="a">Internationales Musikinstitut Darmstadt (IMD), Bibliothek</subfield>
            <subfield code="c">Darmstadt</subfield>
            <subfield code="g">D-DSim</subfield>
         </datafield>
         <datafield tag="410" ind1="2" ind2=" ">
            <subfield code="a">Kranichsteiner Musikinstitut, Bibliothek</subfield>
         </datafield>
         <datafield tag="622" ind1=" " ind2=" ">
            <subfield code="e">Internationales Musikinstitut Darmstadt,  (IMD), Bibliothek, Nieder-Ramstädter Straße 190, 64285 Darmstadt, Germany</subfield>
            <subfield code="u">http://www.internationales-musikinstitut.de/archiv/bibliothek.html</subfield>
         </datafield>
      </record>