
      <record>
         <leader>00000nz  a2200169   4500</leader>
         <controlfield tag="001">30000726</controlfield>
         <controlfield tag="003">RISM</controlfield>
         <controlfield tag="005">20160216</controlfield>
         <controlfield tag="008">160216n||az|||||||##########||||||||||||</controlfield>
         <datafield tag="040" ind1=" " ind2=" ">
            <subfield code="a">D-DSk</subfield>
         </datafield>
         <datafield tag="043" ind1=" " ind2=" ">
            <subfield code="c">XA-DE</subfield>
         </datafield>
         <datafield tag="110" ind1="2" ind2=" ">
            <subfield code="a">Zentralarchiv der Evangelischen Kirche in Hessen und Nassau</subfield>
            <subfield code="c">Darmstadt</subfield>
            <subfield code="g">D-DSk</subfield>
         </datafield>
         <datafield tag="410" ind1="2" ind2=" ">
            <subfield code="a">Kirchenleitung der Evangelischen Kirche in Hessen-Nassau, Zentralbibliothek</subfield>
         </datafield>
         <datafield tag="622" ind1=" " ind2=" ">
            <subfield code="e">Zentralarchiv der Evangelischen Kirche,  in Hessen und Nassau, Ahastraße 5a, 64285 Darmstadt, Germany</subfield>
            <subfield code="u">http://www.ekhn.de/ueber-uns/aufbau-der-landeskirche/medien/archiv.html</subfield>
         </datafield>
      </record>