
      <record>
         <leader>00000nz  a2200169   4500</leader>
         <controlfield tag="001">30078792</controlfield>
         <controlfield tag="003">RISM</controlfield>
         <controlfield tag="005">20160216</controlfield>
         <controlfield tag="008">160216n||az|||||||##########||||||||||||</controlfield>
         <datafield tag="040" ind1=" " ind2=" ">
            <subfield code="a">D-Dsteude</subfield>
         </datafield>
         <datafield tag="043" ind1=" " ind2=" ">
            <subfield code="c">XA-DE</subfield>
         </datafield>
         <datafield tag="110" ind1="2" ind2=" ">
            <subfield code="a">Familienarchiv Steude</subfield>
            <subfield code="c">Dresden</subfield>
            <subfield code="g">D-Dsteude</subfield>
         </datafield>
         <datafield tag="410" ind1="2" ind2=" ">
            <subfield code="a">Sammlung Wolfram Steude</subfield>
         </datafield>
      </record>