
      <record>
         <leader>00000nz  a2200169   4500</leader>
         <controlfield tag="001">30061540</controlfield>
         <controlfield tag="003">RISM</controlfield>
         <controlfield tag="005">20160216</controlfield>
         <controlfield tag="008">160216n||az|||||||##########||||||||||||</controlfield>
         <datafield tag="040" ind1=" " ind2=" ">
            <subfield code="a">D-DTms</subfield>
         </datafield>
         <datafield tag="043" ind1=" " ind2=" ">
            <subfield code="c">XA-DE</subfield>
         </datafield>
         <datafield tag="110" ind1="2" ind2=" ">
            <subfield code="a">Musikwissenschaftliches Seminar Detmold/Paderborn</subfield>
            <subfield code="c">Detmold</subfield>
            <subfield code="g">D-DTms</subfield>
         </datafield>
         <datafield tag="622" ind1=" " ind2=" ">
            <subfield code="e">Musikwissenschaftliches Seminar,  Detmold/Paderborn, Gartenstr. 20, 32756 Detmold, Germany</subfield>
            <subfield code="u">http://muwi-detmold-paderborn.de/</subfield>
         </datafield>
      </record>