
      <record>
         <leader>00000nz  a2200169   4500</leader>
         <controlfield tag="001">30002748</controlfield>
         <controlfield tag="003">RISM</controlfield>
         <controlfield tag="005">20160216</controlfield>
         <controlfield tag="008">160216n||az|||||||##########||||||||||||</controlfield>
         <datafield tag="040" ind1=" " ind2=" ">
            <subfield code="a">D-DTth</subfield>
         </datafield>
         <datafield tag="043" ind1=" " ind2=" ">
            <subfield code="c">XA-DE</subfield>
         </datafield>
         <datafield tag="110" ind1="2" ind2=" ">
            <subfield code="a">Theologische Bibliothek der Lippischen Landeskirche</subfield>
            <subfield code="c">Detmold</subfield>
            <subfield code="g">D-DTth</subfield>
         </datafield>
         <datafield tag="580" ind1=" " ind2=" ">
            <subfield code="x">D-DT</subfield>
            <subfield code="0">30000727</subfield>
         </datafield>
      </record>