
      <record>
         <leader>00000nz  a2200169   4500</leader>
         <controlfield tag="001">30000730</controlfield>
         <controlfield tag="003">RISM</controlfield>
         <controlfield tag="005">20160216</controlfield>
         <controlfield tag="008">160216n||az|||||||##########||||||||||||</controlfield>
         <datafield tag="040" ind1=" " ind2=" ">
            <subfield code="a">D-DÜgg</subfield>
         </datafield>
         <datafield tag="043" ind1=" " ind2=" ">
            <subfield code="c">XA-DE</subfield>
         </datafield>
         <datafield tag="110" ind1="2" ind2=" ">
            <subfield code="a">Städtisches Görres-Gymnasium, Lehrerbibliothek</subfield>
            <subfield code="c">Düsseldorf</subfield>
            <subfield code="g">D-DÜgg</subfield>
         </datafield>
         <datafield tag="410" ind1="2" ind2=" ">
            <subfield code="a">Hohenzollern-Gymnasium, Lehrerbibliothek</subfield>
         </datafield>
         <datafield tag="622" ind1=" " ind2=" ">
            <subfield code="e">Städtisches Görres-Gymnasium,,  Lehrerbibliothek, Königsallee 57, 40212 Düsseldorf, Germany</subfield>
            <subfield code="u">http://www.goerres.de/2012/</subfield>
         </datafield>
      </record>