
      <record>
         <leader>00000nz  a2200169   4500</leader>
         <controlfield tag="001">30004572</controlfield>
         <controlfield tag="003">RISM</controlfield>
         <controlfield tag="005">20160216</controlfield>
         <controlfield tag="008">160216n||az|||||||##########||||||||||||</controlfield>
         <datafield tag="040" ind1=" " ind2=" ">
            <subfield code="a">D-DÜhh</subfield>
         </datafield>
         <datafield tag="043" ind1=" " ind2=" ">
            <subfield code="c">XA-DE</subfield>
         </datafield>
         <datafield tag="110" ind1="2" ind2=" ">
            <subfield code="a">Heinrich-Heine-Institut, Archiv und Bibliothek</subfield>
            <subfield code="c">Düsseldorf</subfield>
            <subfield code="g">D-DÜhh</subfield>
         </datafield>
         <datafield tag="622" ind1=" " ind2=" ">
            <subfield code="e">Heinrich-Heine-Institut, Archiv und,  Bibliothek, Bilker Str. 12-14, 40213 Düsseldorf, Germany</subfield>
            <subfield code="u">http://www.duesseldorf.de/heineinstitut/</subfield>
         </datafield>
      </record>