
      <record>
         <leader>00000nz  a2200169   4500</leader>
         <controlfield tag="001">30000732</controlfield>
         <controlfield tag="003">RISM</controlfield>
         <controlfield tag="005">20160216</controlfield>
         <controlfield tag="008">160216n||az|||||||##########||||||||||||</controlfield>
         <datafield tag="040" ind1=" " ind2=" ">
            <subfield code="a">D-DÜk</subfield>
         </datafield>
         <datafield tag="043" ind1=" " ind2=" ">
            <subfield code="c">XA-DE</subfield>
         </datafield>
         <datafield tag="110" ind1="2" ind2=" ">
            <subfield code="a">Goethe-Museum, Anton und Katharina Kippenberg-Stiftung</subfield>
            <subfield code="c">Düsseldorf</subfield>
            <subfield code="g">D-DÜk</subfield>
         </datafield>
         <datafield tag="622" ind1=" " ind2=" ">
            <subfield code="e">Goethe-Museum, Anton und Katharina, Kippenberg-Stiftung, Jacobistraße 2, 40211 Düsseldorf, Germany</subfield>
            <subfield code="u">http://www.goethe-museum.com/</subfield>
         </datafield>
      </record>