
      <record>
         <leader>00000nz  a2200169   4500</leader>
         <controlfield tag="001">30000733</controlfield>
         <controlfield tag="003">RISM</controlfield>
         <controlfield tag="005">20160216</controlfield>
         <controlfield tag="008">160216n||az|||||||##########||||||||||||</controlfield>
         <datafield tag="040" ind1=" " ind2=" ">
            <subfield code="a">D-DÜl</subfield>
         </datafield>
         <datafield tag="043" ind1=" " ind2=" ">
            <subfield code="c">XA-DE</subfield>
         </datafield>
         <datafield tag="110" ind1="2" ind2=" ">
            <subfield code="a">Heinrich-Heine-Universität, Universitäts- und Landesbibliothek</subfield>
            <subfield code="c">Düsseldorf</subfield>
            <subfield code="g">D-DÜl</subfield>
         </datafield>
         <datafield tag="410" ind1="2" ind2=" ">
            <subfield code="a">Landes- und Stadtbibliothek</subfield>
         </datafield>
         <datafield tag="622" ind1=" " ind2=" ">
            <subfield code="e">Heinrich-Heine-Universität,, Universitäts- und Landesbibliothek, Universitätsstr. 1, 40225 Düsseldorf, Germany</subfield>
            <subfield code="u">http://www.ub.uni-duesseldorf.de/home/</subfield>
         </datafield>
      </record>