
      <record>
         <leader>00000nz  a2200169   4500</leader>
         <controlfield tag="001">30002749</controlfield>
         <controlfield tag="003">RISM</controlfield>
         <controlfield tag="005">20160216</controlfield>
         <controlfield tag="008">160216n||az|||||||##########||||||||||||</controlfield>
         <datafield tag="040" ind1=" " ind2=" ">
            <subfield code="a">D-DÜlk</subfield>
         </datafield>
         <datafield tag="043" ind1=" " ind2=" ">
            <subfield code="c">XA-DE</subfield>
         </datafield>
         <datafield tag="110" ind1="2" ind2=" ">
            <subfield code="a">Evangelische Kirche im Rheinland, Landeskirchenamt, Bibliothek</subfield>
            <subfield code="c">Düsseldorf</subfield>
            <subfield code="g">D-DÜlk</subfield>
         </datafield>
         <datafield tag="410" ind1="2" ind2=" ">
            <subfield code="a">Außenstelle der Hochschul- und Landeskirchenbibliothek Wuppertal</subfield>
         </datafield>
         <datafield tag="622" ind1=" " ind2=" ">
            <subfield code="e">Evangelische Kirche im Rheinland,,  Landeskirchenamt, Bibliothek, Hans-Böckler-Straße 7, 40476 Düsseldorf, Germany</subfield>
            <subfield code="u">http://hlb-wuppertal.de/</subfield>
         </datafield>
      </record>