
      <record>
         <leader>00000nz  a2200169   4500</leader>
         <controlfield tag="001">30004148</controlfield>
         <controlfield tag="003">RISM</controlfield>
         <controlfield tag="005">20160216</controlfield>
         <controlfield tag="008">160216n||az|||||||##########||||||||||||</controlfield>
         <datafield tag="040" ind1=" " ind2=" ">
            <subfield code="a">D-DÜLs</subfield>
         </datafield>
         <datafield tag="043" ind1=" " ind2=" ">
            <subfield code="c">XA-DE</subfield>
         </datafield>
         <datafield tag="110" ind1="2" ind2=" ">
            <subfield code="a">Stadtbücherei</subfield>
            <subfield code="c">Dülmen</subfield>
            <subfield code="g">D-DÜLs</subfield>
         </datafield>
         <datafield tag="410" ind1="2" ind2=" ">
            <subfield code="a">Nebenstelle - Musikbücherei der Städtischen Musikschule</subfield>
         </datafield>
         <datafield tag="622" ind1=" " ind2=" ">
            <subfield code="e">Stadtbücherei, Overbergpassage, 48249 Dülmen, Germany</subfield>
            <subfield code="u">http://www.stadtbuecherei-duelmen.de/</subfield>
         </datafield>
      </record>