
      <record>
         <leader>00000nz  a2200169   4500</leader>
         <controlfield tag="001">30000734</controlfield>
         <controlfield tag="003">RISM</controlfield>
         <controlfield tag="005">20160216</controlfield>
         <controlfield tag="008">160216n||az|||||||##########||||||||||||</controlfield>
         <datafield tag="040" ind1=" " ind2=" ">
            <subfield code="a">D-DÜmb</subfield>
         </datafield>
         <datafield tag="043" ind1=" " ind2=" ">
            <subfield code="c">XA-DE</subfield>
         </datafield>
         <datafield tag="110" ind1="2" ind2=" ">
            <subfield code="a">Stadtbüchereien Landeshauptstadt Düsseldorf, Musikbücherei</subfield>
            <subfield code="c">Düsseldorf</subfield>
            <subfield code="g">D-DÜmb</subfield>
         </datafield>
         <datafield tag="410" ind1="2" ind2=" ">
            <subfield code="a">Zentralbibliothek</subfield>
         </datafield>
         <datafield tag="622" ind1=" " ind2=" ">
            <subfield code="e">Stadtbüchereien Landeshauptstadt,  Düsseldorf, Musikbücherei, Bertha-von-Suttner-Platz 1, 40227 Düsseldorf, Germany</subfield>
            <subfield code="u">https://www.duesseldorf.de/stadtbuechereien/standpunkte/b01.shtml</subfield>
         </datafield>
      </record>