
      <record>
         <leader>00000nz  a2200169   4500</leader>
         <controlfield tag="001">30000735</controlfield>
         <controlfield tag="003">RISM</controlfield>
         <controlfield tag="005">20160216</controlfield>
         <controlfield tag="008">160216n||az|||||||##########||||||||||||</controlfield>
         <datafield tag="040" ind1=" " ind2=" ">
            <subfield code="a">D-DÜN</subfield>
         </datafield>
         <datafield tag="043" ind1=" " ind2=" ">
            <subfield code="c">XA-DE</subfield>
         </datafield>
         <datafield tag="110" ind1="2" ind2=" ">
            <subfield code="a">Bibliothek Graf zu Toerring-Jettenbach</subfield>
            <subfield code="c">Moorenweis-Dünzelbach</subfield>
            <subfield code="g">D-DÜN</subfield>
         </datafield>
         <datafield tag="622" ind1=" " ind2=" ">
            <subfield code="e">Bibliothek Graf zu Toerring-Jettenbach, 82272 Moorenweis-Dünzelbach, Germany</subfield>
         </datafield>
      </record>