
      <record>
         <leader>00000nz  a2200169   4500</leader>
         <controlfield tag="001">30000736</controlfield>
         <controlfield tag="003">RISM</controlfield>
         <controlfield tag="005">20160216</controlfield>
         <controlfield tag="008">160216n||az|||||||##########||||||||||||</controlfield>
         <datafield tag="040" ind1=" " ind2=" ">
            <subfield code="a">D-DÜR</subfield>
         </datafield>
         <datafield tag="043" ind1=" " ind2=" ">
            <subfield code="c">XA-DE</subfield>
         </datafield>
         <datafield tag="110" ind1="2" ind2=" ">
            <subfield code="a">Leopold-Hoesch-Museum</subfield>
            <subfield code="c">Düren</subfield>
            <subfield code="g">D-DÜR</subfield>
         </datafield>
         <datafield tag="622" ind1=" " ind2=" ">
            <subfield code="e">Leopold-Hoesch-Museum, Hoeschplatz 1, 52349 Düren, Germany</subfield>
            <subfield code="u">http://www.leopoldhoeschmuseum.de/deutsch/</subfield>
         </datafield>
      </record>