
      <record>
         <leader>00000nz  a2200169   4500</leader>
         <controlfield tag="001">30080533</controlfield>
         <controlfield tag="003">RISM</controlfield>
         <controlfield tag="005">20160216</controlfield>
         <controlfield tag="008">160216n||az|||||||##########||||||||||||</controlfield>
         <datafield tag="040" ind1=" " ind2=" ">
            <subfield code="a">D-DÜRstb</subfield>
         </datafield>
         <datafield tag="043" ind1=" " ind2=" ">
            <subfield code="c">XA-DE</subfield>
         </datafield>
         <datafield tag="110" ind1="2" ind2=" ">
            <subfield code="a">Stadtbücherei</subfield>
            <subfield code="c">Düren</subfield>
            <subfield code="g">D-DÜRstb</subfield>
         </datafield>
         <datafield tag="622" ind1=" " ind2=" ">
            <subfield code="e">Stadtbücherei, Stefan-Schwer-Str. 4-6, 52349 Düren, Germany</subfield>
            <subfield code="u">http://www.kulturbetrieb.dueren.de/index.php?id=6602</subfield>
         </datafield>
      </record>