
      <record>
         <leader>00000nz  a2200169   4500</leader>
         <controlfield tag="001">30003660</controlfield>
         <controlfield tag="003">RISM</controlfield>
         <controlfield tag="005">20160216</controlfield>
         <controlfield tag="008">160216n||az|||||||##########||||||||||||</controlfield>
         <datafield tag="040" ind1=" " ind2=" ">
            <subfield code="a">D-DÜs</subfield>
         </datafield>
         <datafield tag="043" ind1=" " ind2=" ">
            <subfield code="c">XA-DE</subfield>
         </datafield>
         <datafield tag="110" ind1="2" ind2=" ">
            <subfield code="a">Stadtmuseum</subfield>
            <subfield code="c">Düsseldorf</subfield>
            <subfield code="g">D-DÜs</subfield>
         </datafield>
         <datafield tag="622" ind1=" " ind2=" ">
            <subfield code="e">Stadtmuseum, Berger Allee 2, 40200 Düsseldorf, Germany</subfield>
            <subfield code="u">http://www.duesseldorf.de/stadtmuseum/</subfield>
         </datafield>
      </record>