
      <record>
         <leader>00000nz  a2200169   4500</leader>
         <controlfield tag="001">58</controlfield>
         <controlfield tag="003">RISM</controlfield>
         <controlfield tag="005">20160216</controlfield>
         <controlfield tag="008">160216n||az|||||||##########||||||||||||</controlfield>
         <datafield tag="040" ind1=" " ind2=" ">
            <subfield code="a">D-DÜsa</subfield>
         </datafield>
         <datafield tag="043" ind1=" " ind2=" ">
            <subfield code="c">XA-DE</subfield>
         </datafield>
         <datafield tag="110" ind1="2" ind2=" ">
            <subfield code="a">Stadtarchiv</subfield>
            <subfield code="c">Düsseldorf</subfield>
            <subfield code="g">D-DÜsa</subfield>
         </datafield>
         <datafield tag="622" ind1=" " ind2=" ">
            <subfield code="e">Stadtarchiv, Worringer Straße 140, 40210 Düsseldorf, Germany</subfield>
            <subfield code="u">http://www.duesseldorf.de/stadtarchiv</subfield>
         </datafield>
      </record>