
      <record>
         <leader>00000nz  a2200169   4500</leader>
         <controlfield tag="001">30005640</controlfield>
         <controlfield tag="003">RISM</controlfield>
         <controlfield tag="005">20160216</controlfield>
         <controlfield tag="008">160216n||az|||||||##########||||||||||||</controlfield>
         <datafield tag="040" ind1=" " ind2=" ">
            <subfield code="a">D-Ea</subfield>
         </datafield>
         <datafield tag="043" ind1=" " ind2=" ">
            <subfield code="c">XA-DE</subfield>
         </datafield>
         <datafield tag="110" ind1="2" ind2=" ">
            <subfield code="a">Diözesanarchiv Eichstätt, Bibliothek</subfield>
            <subfield code="c">Eichstätt</subfield>
            <subfield code="g">D-Ea</subfield>
         </datafield>
         <datafield tag="622" ind1=" " ind2=" ">
            <subfield code="e">Diözesanarchiv Eichstätt, Bibliothek, Luitpoldstr. 1, 85072 Eichstätt, Germany</subfield>
            <subfield code="u">http://www.bistum-eichstaett.de/dioezesanarchiv/</subfield>
         </datafield>
      </record>