
      <record>
         <leader>00000nz  a2200169   4500</leader>
         <controlfield tag="001">30078069</controlfield>
         <controlfield tag="003">RISM</controlfield>
         <controlfield tag="005">20160216</controlfield>
         <controlfield tag="008">160216n||az|||||||##########||||||||||||</controlfield>
         <datafield tag="040" ind1=" " ind2=" ">
            <subfield code="a">D-EAN</subfield>
         </datafield>
         <datafield tag="043" ind1=" " ind2=" ">
            <subfield code="c">XA-DE</subfield>
         </datafield>
         <datafield tag="110" ind1="2" ind2=" ">
            <subfield code="a">Evangelische Stadt- und Frauenkirchengemeinde</subfield>
            <subfield code="c">Esslingen am Neckar</subfield>
            <subfield code="g">D-EAN</subfield>
         </datafield>
         <datafield tag="622" ind1=" " ind2=" ">
            <subfield code="e">Evangelische Stadt- und,  Frauenkirchengemeinde, Augustinerstr. 12/1, 73728 Esslingen am Neckar, Germany</subfield>
            <subfield code="u">http://www.stadt-und-frauenkirche-esslingen.de/?id=11065</subfield>
         </datafield>
      </record>