
      <record>
         <leader>00000nz  a2200169   4500</leader>
         <controlfield tag="001">30000124</controlfield>
         <controlfield tag="003">RISM</controlfield>
         <controlfield tag="005">20160216</controlfield>
         <controlfield tag="008">160216n||az|||||||##########||||||||||||</controlfield>
         <datafield tag="040" ind1=" " ind2=" ">
            <subfield code="a">D-EB</subfield>
         </datafield>
         <datafield tag="043" ind1=" " ind2=" ">
            <subfield code="c">XA-DE</subfield>
         </datafield>
         <datafield tag="110" ind1="2" ind2=" ">
            <subfield code="a">Katholisches Pfarramt Mariä Himmelfahrt, Bibliothek</subfield>
            <subfield code="c">Ebrach</subfield>
            <subfield code="g">D-EB</subfield>
         </datafield>
         <datafield tag="622" ind1=" " ind2=" ">
            <subfield code="e">Katholisches Pfarramt Mariä Himmelfahrt,,  Bibliothek, Bamberger Str. 8, 96157 Ebrach, Germany</subfield>
            <subfield code="u">http://www.pfarrei-ebrach.de/index.html</subfield>
         </datafield>
      </record>