
      <record>
         <leader>00000nz  a2200169   4500</leader>
         <controlfield tag="001">30001110</controlfield>
         <controlfield tag="003">RISM</controlfield>
         <controlfield tag="005">20160216</controlfield>
         <controlfield tag="008">160216n||az|||||||##########||||||||||||</controlfield>
         <datafield tag="040" ind1=" " ind2=" ">
            <subfield code="a">D-EBB</subfield>
         </datafield>
         <datafield tag="043" ind1=" " ind2=" ">
            <subfield code="c">XA-DE</subfield>
         </datafield>
         <datafield tag="110" ind1="2" ind2=" ">
            <subfield code="a">Evangelisch-Lutherisches Pfarramt, Notenarchiv</subfield>
            <subfield code="c">Ebersbach/Sa.</subfield>
            <subfield code="g">D-EBB</subfield>
         </datafield>
         <datafield tag="410" ind1="2" ind2=" ">
            <subfield code="a">Kantoreibibliothek</subfield>
         </datafield>
         <datafield tag="410" ind1="2" ind2=" ">
            <subfield code="a">Notenarchiv des Kirchenchors</subfield>
         </datafield>
         <datafield tag="622" ind1=" " ind2=" ">
            <subfield code="e">Evangelisch-Lutherisches Pfarramt,, Notenarchiv, Hauptstr. 91, 02730 Ebersbach/Sa., Germany</subfield>
            <subfield code="u">http://www.kirchgemeinde-ebersbach.de</subfield>
         </datafield>
      </record>