
      <record>
         <leader>00000nz  a2200169   4500</leader>
         <controlfield tag="001">30002751</controlfield>
         <controlfield tag="003">RISM</controlfield>
         <controlfield tag="005">20160216</controlfield>
         <controlfield tag="008">160216n||az|||||||##########||||||||||||</controlfield>
         <datafield tag="040" ind1=" " ind2=" ">
            <subfield code="a">D-EBG</subfield>
         </datafield>
         <datafield tag="043" ind1=" " ind2=" ">
            <subfield code="c">XA-DE</subfield>
         </datafield>
         <datafield tag="110" ind1="2" ind2=" ">
            <subfield code="a">Musikhistorische Sammlung Jehle</subfield>
            <subfield code="c">Albstadt-Lautlingen</subfield>
            <subfield code="g">D-EBG</subfield>
         </datafield>
         <datafield tag="410" ind1="2" ind2=" ">
            <subfield code="a">Heimatmuseum Ebingen</subfield>
         </datafield>
         <datafield tag="622" ind1=" " ind2=" ">
            <subfield code="e">Musikhistorische Sammlung Jehle, Stauffenberg-Schloss, Am Schloss 1, 72459 Albstadt-Lautlingen, Germany</subfield>
            <subfield code="u">http://www.albstadt.de/museen/musikhistorische</subfield>
         </datafield>
      </record>