
      <record>
         <leader>00000nz  a2200169   4500</leader>
         <controlfield tag="001">30000742</controlfield>
         <controlfield tag="003">RISM</controlfield>
         <controlfield tag="005">20160216</controlfield>
         <controlfield tag="008">160216n||az|||||||##########||||||||||||</controlfield>
         <datafield tag="040" ind1=" " ind2=" ">
            <subfield code="a">D-EBS</subfield>
         </datafield>
         <datafield tag="043" ind1=" " ind2=" ">
            <subfield code="c">XA-DE</subfield>
         </datafield>
         <datafield tag="110" ind1="2" ind2=" ">
            <subfield code="a">Kloster Ebstorf, Bibliothek</subfield>
            <subfield code="c">Klosterflecken Ebstorf</subfield>
            <subfield code="g">D-EBS</subfield>
         </datafield>
         <datafield tag="622" ind1=" " ind2=" ">
            <subfield code="e">Kloster Ebstorf, Bibliothek, Kirchplatz 10, 29574 Klosterflecken Ebstorf, Germany</subfield>
            <subfield code="u">http://www.kloster-ebstorf.de/kloster/index.php</subfield>
         </datafield>
      </record>