
      <record>
         <leader>00000nz  a2200169   4500</leader>
         <controlfield tag="001">30002884</controlfield>
         <controlfield tag="003">RISM</controlfield>
         <controlfield tag="005">20160216</controlfield>
         <controlfield tag="008">160216n||az|||||||##########||||||||||||</controlfield>
         <datafield tag="040" ind1=" " ind2=" ">
            <subfield code="a">D-ED</subfield>
         </datafield>
         <datafield tag="043" ind1=" " ind2=" ">
            <subfield code="c">XA-DE</subfield>
         </datafield>
         <datafield tag="110" ind1="2" ind2=" ">
            <subfield code="a">Evangelische Kirchgemeinde, Kirchenbibliothek</subfield>
            <subfield code="c">Eschdorf (Dresden)</subfield>
            <subfield code="g">D-ED</subfield>
         </datafield>
         <datafield tag="622" ind1=" " ind2=" ">
            <subfield code="e">Evangelische Kirchgemeinde,,  Kirchenbibliothek, Pfarramt, 01328 Eschdorf (Dresden), Germany</subfield>
            <subfield code="u">http://www.kirche-eschdorf.de/kirche-eschdorf.de/Start.html</subfield>
         </datafield>
      </record>