
      <record>
         <leader>00000nz  a2200169   4500</leader>
         <controlfield tag="001">30001112</controlfield>
         <controlfield tag="003">RISM</controlfield>
         <controlfield tag="005">20160216</controlfield>
         <controlfield tag="008">160216n||az|||||||##########||||||||||||</controlfield>
         <datafield tag="040" ind1=" " ind2=" ">
            <subfield code="a">D-EFd</subfield>
         </datafield>
         <datafield tag="043" ind1=" " ind2=" ">
            <subfield code="c">XA-DE</subfield>
         </datafield>
         <datafield tag="110" ind1="2" ind2=" ">
            <subfield code="a">Bistumsarchiv</subfield>
            <subfield code="c">Erfurt</subfield>
            <subfield code="g">D-EFd</subfield>
         </datafield>
         <datafield tag="410" ind1="2" ind2=" ">
            <subfield code="a">Domarchiv</subfield>
         </datafield>
         <datafield tag="410" ind1="2" ind2=" ">
            <subfield code="a">Dombibliothek</subfield>
         </datafield>
         <datafield tag="622" ind1=" " ind2=" ">
            <subfield code="e">Bistumsarchiv, Herrmannsplatz 9, 99084 Erfurt, Germany</subfield>
            <subfield code="u">http://goo.gl/20usnR</subfield>
         </datafield>
      </record>