
      <record>
         <leader>00000nz  a2200169   4500</leader>
         <controlfield tag="001">30001113</controlfield>
         <controlfield tag="003">RISM</controlfield>
         <controlfield tag="005">20160216</controlfield>
         <controlfield tag="008">160216n||az|||||||##########||||||||||||</controlfield>
         <datafield tag="040" ind1=" " ind2=" ">
            <subfield code="a">D-EFm</subfield>
         </datafield>
         <datafield tag="043" ind1=" " ind2=" ">
            <subfield code="c">XA-DE</subfield>
         </datafield>
         <datafield tag="110" ind1="2" ind2=" ">
            <subfield code="a">Bibliothek und Archiv des Evangelischen Ministeriums im Augustinerkloster</subfield>
            <subfield code="c">Erfurt</subfield>
            <subfield code="g">D-EFm</subfield>
         </datafield>
         <datafield tag="410" ind1="2" ind2=" ">
            <subfield code="a">mit Bibliothek des Martinsstifts</subfield>
         </datafield>
         <datafield tag="622" ind1=" " ind2=" ">
            <subfield code="e">Bibliothek und Archiv des Evangelischen,  Ministeriums im Augustinerkloster, Augustinerstr. 10, 99084 Erfurt, Germany</subfield>
            <subfield code="u">http://www.augustinerkloster.de/kirche-und-kloster/historische-bibliothek.html</subfield>
         </datafield>
      </record>