
      <record>
         <leader>00000nz  a2200169   4500</leader>
         <controlfield tag="001">30006498</controlfield>
         <controlfield tag="003">RISM</controlfield>
         <controlfield tag="005">20160216</controlfield>
         <controlfield tag="008">160216n||az|||||||##########||||||||||||</controlfield>
         <datafield tag="040" ind1=" " ind2=" ">
            <subfield code="a">D-EFu</subfield>
         </datafield>
         <datafield tag="043" ind1=" " ind2=" ">
            <subfield code="c">XA-DE</subfield>
         </datafield>
         <datafield tag="110" ind1="2" ind2=" ">
            <subfield code="a">Universitätsbibliothek</subfield>
            <subfield code="c">Erfurt</subfield>
            <subfield code="g">D-EFu</subfield>
         </datafield>
         <datafield tag="410" ind1="2" ind2=" ">
            <subfield code="a">Universitäts- und Forschungsbibliothek Erfurt/Gotha</subfield>
         </datafield>
         <datafield tag="622" ind1=" " ind2=" ">
            <subfield code="e">Universitätsbibliothek, Nordhäuser Straße 63, 99089 Erfurt, Germany</subfield>
            <subfield code="u">http://www.uni-erfurt.de/bibliothek/</subfield>
         </datafield>
         <datafield tag="710" ind1="2" ind2=" ">
            <subfield code="a">Forschungsbibliothek</subfield>
            <subfield code="0">30000045</subfield>
         </datafield>
      </record>