
      <record>
         <leader>00000nz  a2200169   4500</leader>
         <controlfield tag="001">30001118</controlfield>
         <controlfield tag="003">RISM</controlfield>
         <controlfield tag="005">20160216</controlfield>
         <controlfield tag="008">160216n||az|||||||##########||||||||||||</controlfield>
         <datafield tag="040" ind1=" " ind2=" ">
            <subfield code="a">D-EIB</subfield>
         </datafield>
         <datafield tag="043" ind1=" " ind2=" ">
            <subfield code="c">XA-DE</subfield>
         </datafield>
         <datafield tag="110" ind1="2" ind2=" ">
            <subfield code="a">Stadtmuseum Klötznersches Haus</subfield>
            <subfield code="c">Eisenberg (Thüringen)</subfield>
            <subfield code="g">D-EIB</subfield>
         </datafield>
         <datafield tag="410" ind1="2" ind2=" ">
            <subfield code="a">Heimatmuseum Eisenberg-Friedrichstanneck</subfield>
         </datafield>
         <datafield tag="622" ind1=" " ind2=" ">
            <subfield code="e">Stadtmuseum Klötznersches Haus, Markt 26, 07607 Eisenberg (Thüringen), Germany</subfield>
            <subfield code="u">http://www.stadt-eisenberg.de/tourismus/tour_frameset.htm</subfield>
         </datafield>
      </record>