
      <record>
         <leader>00000nz  a2200169   4500</leader>
         <controlfield tag="001">30000172</controlfield>
         <controlfield tag="003">RISM</controlfield>
         <controlfield tag="005">20160216</controlfield>
         <controlfield tag="008">160216n||az|||||||##########||||||||||||</controlfield>
         <datafield tag="040" ind1=" " ind2=" ">
            <subfield code="a">D-EIb</subfield>
         </datafield>
         <datafield tag="043" ind1=" " ind2=" ">
            <subfield code="c">XA-DE</subfield>
         </datafield>
         <datafield tag="110" ind1="2" ind2=" ">
            <subfield code="a">Bachhaus und Bachmuseum</subfield>
            <subfield code="c">Eisenach</subfield>
            <subfield code="g">D-EIb</subfield>
         </datafield>
         <datafield tag="622" ind1=" " ind2=" ">
            <subfield code="e">Bachhaus und Bachmuseum, Frauenplan 21, 99817 Eisenach, Germany</subfield>
            <subfield code="u">http://bachhaus.de</subfield>
         </datafield>
      </record>