
      <record>
         <leader>00000nz  a2200169   4500</leader>
         <controlfield tag="001">30001119</controlfield>
         <controlfield tag="003">RISM</controlfield>
         <controlfield tag="005">20160216</controlfield>
         <controlfield tag="008">160216n||az|||||||##########||||||||||||</controlfield>
         <datafield tag="040" ind1=" " ind2=" ">
            <subfield code="a">D-EICH</subfield>
         </datafield>
         <datafield tag="043" ind1=" " ind2=" ">
            <subfield code="c">XA-DE</subfield>
         </datafield>
         <datafield tag="110" ind1="2" ind2=" ">
            <subfield code="a">Evangelische Dorfkirche St. Marien, Pfarrarchiv</subfield>
            <subfield code="c">Eichelborn</subfield>
            <subfield code="g">D-EICH</subfield>
         </datafield>
         <datafield tag="622" ind1=" " ind2=" ">
            <subfield code="e">Evangelische Dorfkirche St. Marien,,  Pfarrarchiv, c/o Kirchgemeinde Klettbach, Straße der Einheit 1, 99102 Klettbach, Germany</subfield>
            <subfield code="u">http://goo.gl/z60etl</subfield>
         </datafield>
      </record>