
      <record>
         <leader>00000nz  a2200169   4500</leader>
         <controlfield tag="001">30001120</controlfield>
         <controlfield tag="003">RISM</controlfield>
         <controlfield tag="005">20160216</controlfield>
         <controlfield tag="008">160216n||az|||||||##########||||||||||||</controlfield>
         <datafield tag="040" ind1=" " ind2=" ">
            <subfield code="a">D-EIF</subfield>
         </datafield>
         <datafield tag="043" ind1=" " ind2=" ">
            <subfield code="c">XA-DE</subfield>
         </datafield>
         <datafield tag="110" ind1="2" ind2=" ">
            <subfield code="a">Evangelische Dorfkirche, Pfarrarchiv</subfield>
            <subfield code="c">Eichfeld (Rudolstadt)</subfield>
            <subfield code="g">D-EIF</subfield>
         </datafield>
         <datafield tag="622" ind1=" " ind2=" ">
            <subfield code="e">Evangelische Dorfkirche, Pfarrarchiv, c/o Kirchengemeinde Rudolstadt I, C.-Schulte-Str. 20, 07407 Rudolstadt, Germany</subfield>
            <subfield code="u">http://goo.gl/0t2PBy</subfield>
         </datafield>
      </record>