
      <record>
         <leader>00000nz  a2200169   4500</leader>
         <controlfield tag="001">30003263</controlfield>
         <controlfield tag="003">RISM</controlfield>
         <controlfield tag="005">20160216</controlfield>
         <controlfield tag="008">160216n||az|||||||##########||||||||||||</controlfield>
         <datafield tag="040" ind1=" " ind2=" ">
            <subfield code="a">D-EIHp</subfield>
         </datafield>
         <datafield tag="043" ind1=" " ind2=" ">
            <subfield code="c">XA-DE</subfield>
         </datafield>
         <datafield tag="110" ind1="2" ind2=" ">
            <subfield code="a">Evangelische Kirchengemeinde</subfield>
            <subfield code="c">Angelbachtal</subfield>
            <subfield code="g">D-EIHp</subfield>
         </datafield>
         <datafield tag="622" ind1=" " ind2=" ">
            <subfield code="e">Evangelische Kirchengemeinde, Obere Kirchgasse 7, 74918 Angelbachtal, Germany</subfield>
            <subfield code="u">http://www.evkian.de/</subfield>
         </datafield>
      </record>