
      <record>
         <leader>00000nz  a2200169   4500</leader>
         <controlfield tag="001">30001121</controlfield>
         <controlfield tag="003">RISM</controlfield>
         <controlfield tag="005">20160216</controlfield>
         <controlfield tag="008">160216n||az|||||||##########||||||||||||</controlfield>
         <datafield tag="040" ind1=" " ind2=" ">
            <subfield code="a">D-EIL</subfield>
         </datafield>
         <datafield tag="043" ind1=" " ind2=" ">
            <subfield code="c">XA-DE</subfield>
         </datafield>
         <datafield tag="110" ind1="2" ind2=" ">
            <subfield code="a">Evangelische Dorfkirche St. Matthias, Pfarrarchiv</subfield>
            <subfield code="c">Eischleben</subfield>
            <subfield code="g">D-EIL</subfield>
         </datafield>
         <datafield tag="622" ind1=" " ind2=" ">
            <subfield code="e">Evangelische Dorfkirche St. Matthias,,  Pfarrarchiv, c/o Pfarramt Ichtershausen, Klosterstraße 1, 99334 Ichtershausen, Germany</subfield>
            <subfield code="u">http://goo.gl/ZQDgLF</subfield>
         </datafield>
      </record>