
      <record>
         <leader>00000nz  a2200169   4500</leader>
         <controlfield tag="001">30001117</controlfield>
         <controlfield tag="003">RISM</controlfield>
         <controlfield tag="005">20160216</controlfield>
         <controlfield tag="008">160216n||az|||||||##########||||||||||||</controlfield>
         <datafield tag="040" ind1=" " ind2=" ">
            <subfield code="a">D-EIlu</subfield>
         </datafield>
         <datafield tag="043" ind1=" " ind2=" ">
            <subfield code="c">XA-DE</subfield>
         </datafield>
         <datafield tag="110" ind1="2" ind2=" ">
            <subfield code="a">Lutherhaus</subfield>
            <subfield code="c">Eisenach</subfield>
            <subfield code="g">D-EIlu</subfield>
         </datafield>
         <datafield tag="622" ind1=" " ind2=" ">
            <subfield code="e">Lutherhaus, Lutherplatz 8, 99817 Eisenach, Germany</subfield>
            <subfield code="u">http://www.lutherhaus-eisenach.com/de/</subfield>
         </datafield>
      </record>