
      <record>
         <leader>00000nz  a2200169   4500</leader>
         <controlfield tag="001">30002888</controlfield>
         <controlfield tag="003">RISM</controlfield>
         <controlfield tag="005">20160216</controlfield>
         <controlfield tag="008">160216n||az|||||||##########||||||||||||</controlfield>
         <datafield tag="040" ind1=" " ind2=" ">
            <subfield code="a">D-EIw</subfield>
         </datafield>
         <datafield tag="043" ind1=" " ind2=" ">
            <subfield code="c">XA-DE</subfield>
         </datafield>
         <datafield tag="110" ind1="2" ind2=" ">
            <subfield code="a">Wartburg-Bibliothek der Wartburg-Stiftung</subfield>
            <subfield code="c">Eisenach</subfield>
            <subfield code="g">D-EIw</subfield>
         </datafield>
         <datafield tag="622" ind1=" " ind2=" ">
            <subfield code="e">Wartburg-Bibliothek der,  Wartburg-Stiftung, Auf der Wartburg 1, 99817 Eisenach, Germany</subfield>
            <subfield code="u">http://www.wartburg-eisenach.de/frame_wt.htm</subfield>
         </datafield>
      </record>