
      <record>
         <leader>00000nz  a2200169   4500</leader>
         <controlfield tag="001">30080501</controlfield>
         <controlfield tag="003">RISM</controlfield>
         <controlfield tag="005">20160216</controlfield>
         <controlfield tag="008">160216n||az|||||||##########||||||||||||</controlfield>
         <datafield tag="040" ind1=" " ind2=" ">
            <subfield code="a">D-ELmlg</subfield>
         </datafield>
         <datafield tag="043" ind1=" " ind2=" ">
            <subfield code="c">XA-DE</subfield>
         </datafield>
         <datafield tag="110" ind1="2" ind2=" ">
            <subfield code="a">Martin Luthers Geburtshaus</subfield>
            <subfield code="c">Lutherstadt Eisleben</subfield>
            <subfield code="g">D-ELmlg</subfield>
         </datafield>
         <datafield tag="410" ind1="2" ind2=" ">
            <subfield code="a">Stiftung Luthergedenkstätten in Sachsen-Anhalt</subfield>
         </datafield>
         <datafield tag="622" ind1=" " ind2=" ">
            <subfield code="e">Martin Luthers Geburtshaus, Lutherstraße 15, 06295 Lutherstadt Eisleben, Germany</subfield>
            <subfield code="u">http://goo.gl/p21IWy</subfield>
         </datafield>
      </record>