
      <record>
         <leader>00000nz  a2200169   4500</leader>
         <controlfield tag="001">30001124</controlfield>
         <controlfield tag="003">RISM</controlfield>
         <controlfield tag="005">20160216</controlfield>
         <controlfield tag="008">160216n||az|||||||##########||||||||||||</controlfield>
         <datafield tag="040" ind1=" " ind2=" ">
            <subfield code="a">D-ELX</subfield>
         </datafield>
         <datafield tag="043" ind1=" " ind2=" ">
            <subfield code="c">XA-DE</subfield>
         </datafield>
         <datafield tag="110" ind1="2" ind2=" ">
            <subfield code="a">Pfarramt Elxleben-Witzleben, Pfarrarchiv</subfield>
            <subfield code="c">Elxleben am Steiger</subfield>
            <subfield code="g">D-ELX</subfield>
         </datafield>
         <datafield tag="622" ind1=" " ind2=" ">
            <subfield code="e">Pfarramt Elxleben-Witzleben, Pfarrarchiv, Klostergasse 109, 99334 Elxleben am Steiger, Germany</subfield>
            <subfield code="u">http://goo.gl/xT3AdX</subfield>
         </datafield>
      </record>