
      <record>
         <leader>00000nz  a2200169   4500</leader>
         <controlfield tag="001">30000744</controlfield>
         <controlfield tag="003">RISM</controlfield>
         <controlfield tag="005">20160216</controlfield>
         <controlfield tag="008">160216n||az|||||||##########||||||||||||</controlfield>
         <datafield tag="040" ind1=" " ind2=" ">
            <subfield code="a">D-EM</subfield>
         </datafield>
         <datafield tag="043" ind1=" " ind2=" ">
            <subfield code="c">XA-DE</subfield>
         </datafield>
         <datafield tag="110" ind1="2" ind2=" ">
            <subfield code="a">Johannes a Lasco Bibliothek, Große Kirche</subfield>
            <subfield code="c">Emden</subfield>
            <subfield code="g">D-EM</subfield>
         </datafield>
         <datafield tag="622" ind1=" " ind2=" ">
            <subfield code="e">Johannes a Lasco Bibliothek, Große,  Kirche, Kirchstr. 22, 26721 Emden, Germany</subfield>
            <subfield code="u">http://www.jalb.de/8769-267-0-48.html</subfield>
         </datafield>
      </record>