
      <record>
         <leader>00000nz  a2200169   4500</leader>
         <controlfield tag="001">30000746</controlfield>
         <controlfield tag="003">RISM</controlfield>
         <controlfield tag="005">20160216</controlfield>
         <controlfield tag="008">160216n||az|||||||##########||||||||||||</controlfield>
         <datafield tag="040" ind1=" " ind2=" ">
            <subfield code="a">D-EN</subfield>
         </datafield>
         <datafield tag="043" ind1=" " ind2=" ">
            <subfield code="c">XA-DE</subfield>
         </datafield>
         <datafield tag="110" ind1="2" ind2=" ">
            <subfield code="a">Franziskanerkloster Engelberg, Bibliothek</subfield>
            <subfield code="c">Engelberg (Großheubach)</subfield>
            <subfield code="g">D-EN</subfield>
         </datafield>
         <datafield tag="622" ind1=" " ind2=" ">
            <subfield code="e">Franziskanerkloster Engelberg,,  Bibliothek, Kloster Engelberg 1, 63920 Engelberg (Großheubach), Germany</subfield>
            <subfield code="u">http://www.franziskaner-engelberg.de/</subfield>
         </datafield>
      </record>