
      <record>
         <leader>00000nz  a2200169   4500</leader>
         <controlfield tag="001">30000747</controlfield>
         <controlfield tag="003">RISM</controlfield>
         <controlfield tag="005">20160216</controlfield>
         <controlfield tag="008">160216n||az|||||||##########||||||||||||</controlfield>
         <datafield tag="040" ind1=" " ind2=" ">
            <subfield code="a">D-ERik</subfield>
         </datafield>
         <datafield tag="043" ind1=" " ind2=" ">
            <subfield code="c">XA-DE</subfield>
         </datafield>
         <datafield tag="110" ind1="2" ind2=" ">
            <subfield code="a">Fachbereich Theologie an der Friedrich-Alexander-Universität Erlangen-Nürnberg, Professur für Kirchenmusik, Bibliothek</subfield>
            <subfield code="c">Erlangen</subfield>
            <subfield code="g">D-ERik</subfield>
         </datafield>
         <datafield tag="410" ind1="2" ind2=" ">
            <subfield code="a">Erlanger Universitätsmusik</subfield>
         </datafield>
         <datafield tag="410" ind1="2" ind2=" ">
            <subfield code="a">Institut für Kirchenmusik</subfield>
         </datafield>
         <datafield tag="622" ind1=" " ind2=" ">
            <subfield code="e">Fachbereich Theologie an der,  Friedrich-Alexander-Universität,  Erlangen-Nürnberg, Professur für,  Kirchenmusik, Bibliothek, Orangerie, Schlossgarten 1, 91054 Erlangen, Germany</subfield>
            <subfield code="u">http://www.musik.uni-erlangen.de/index.php</subfield>
         </datafield>
      </record>