
      <record>
         <leader>00000nz  a2200169   4500</leader>
         <controlfield tag="001">30003662</controlfield>
         <controlfield tag="003">RISM</controlfield>
         <controlfield tag="005">20160216</controlfield>
         <controlfield tag="008">160216n||az|||||||##########||||||||||||</controlfield>
         <datafield tag="040" ind1=" " ind2=" ">
            <subfield code="a">D-ERS</subfield>
         </datafield>
         <datafield tag="043" ind1=" " ind2=" ">
            <subfield code="c">XA-DE</subfield>
         </datafield>
         <datafield tag="110" ind1="2" ind2=" ">
            <subfield code="a">Katholische Pfarrkirche St. Ulrich</subfield>
            <subfield code="c">Eresing</subfield>
            <subfield code="g">D-ERS</subfield>
         </datafield>
         <datafield tag="622" ind1=" " ind2=" ">
            <subfield code="e">Katholische Pfarrkirche St. Ulrich, c/o Pfarrgemeinde Geltendorf, Schulstr. 6, 82269 Geltendorf, Germany</subfield>
            <subfield code="u">http://www.bistum-augsburg.de/index.php/bistum/Pfarreien/St.-Ulrich-_Eresing</subfield>
         </datafield>
      </record>