
      <record>
         <leader>00000nz  a2200169   4500</leader>
         <controlfield tag="001">30000749</controlfield>
         <controlfield tag="003">RISM</controlfield>
         <controlfield tag="005">20160216</controlfield>
         <controlfield tag="008">160216n||az|||||||##########||||||||||||</controlfield>
         <datafield tag="040" ind1=" " ind2=" ">
            <subfield code="a">D-ERu</subfield>
         </datafield>
         <datafield tag="043" ind1=" " ind2=" ">
            <subfield code="c">XA-DE</subfield>
         </datafield>
         <datafield tag="110" ind1="2" ind2=" ">
            <subfield code="a">Universitätsbibliothek Erlangen-Nürnberg, Hauptbibliothek</subfield>
            <subfield code="c">Erlangen</subfield>
            <subfield code="g">D-ERu</subfield>
         </datafield>
         <datafield tag="622" ind1=" " ind2=" ">
            <subfield code="e">Universitätsbibliothek,  Erlangen-Nürnberg, Hauptbibliothek, Benutzungsgebäude (Neubau), Schuhstrasse 1a, 91052 Erlangen, Germany</subfield>
            <subfield code="u">http://www.ub.fau.de/</subfield>
         </datafield>
      </record>