
      <record>
         <leader>00000nz  a2200169   4500</leader>
         <controlfield tag="001">30079352</controlfield>
         <controlfield tag="003">RISM</controlfield>
         <controlfield tag="005">20160216</controlfield>
         <controlfield tag="008">160216n||az|||||||##########||||||||||||</controlfield>
         <datafield tag="040" ind1=" " ind2=" ">
            <subfield code="a">D-ERZrl</subfield>
         </datafield>
         <datafield tag="043" ind1=" " ind2=" ">
            <subfield code="c">XA-DE</subfield>
         </datafield>
         <datafield tag="110" ind1="2" ind2=" ">
            <subfield code="a">Musikverlag Robert Lienau, Archiv</subfield>
            <subfield code="c">Erzhausen</subfield>
            <subfield code="g">D-ERZrl</subfield>
         </datafield>
         <datafield tag="622" ind1=" " ind2=" ">
            <subfield code="e">Musikverlag Robert Lienau, Archiv, Am Dornbusch 24-26, 64390 Erzhausen, Germany</subfield>
            <subfield code="u">https://www.musikverlag-zimmermann.de/</subfield>
         </datafield>
      </record>