
      <record>
         <leader>00000nz  a2200169   4500</leader>
         <controlfield tag="001">30080485</controlfield>
         <controlfield tag="003">RISM</controlfield>
         <controlfield tag="005">20160216</controlfield>
         <controlfield tag="008">160216n||az|||||||##########||||||||||||</controlfield>
         <datafield tag="040" ind1=" " ind2=" ">
            <subfield code="a">D-ESfuk</subfield>
         </datafield>
         <datafield tag="043" ind1=" " ind2=" ">
            <subfield code="c">XA-DE</subfield>
         </datafield>
         <datafield tag="110" ind1="2" ind2=" ">
            <subfield code="a">Folkwang Universität der Künste, Bibliothek Campus Essen-Werden</subfield>
            <subfield code="c">Essen</subfield>
            <subfield code="g">D-ESfuk</subfield>
         </datafield>
         <datafield tag="622" ind1=" " ind2=" ">
            <subfield code="e">Folkwang Universität der Künste,,  Bibliothek Campus Essen-Werden, Klemensborn 39, 45239 Essen, Germany</subfield>
            <subfield code="u">http://www.folkwang-uni.de/home/hochschule/organisation/bibliothek/</subfield>
         </datafield>
      </record>