
      <record>
         <leader>00000nz  a2200169   4500</leader>
         <controlfield tag="001">30003785</controlfield>
         <controlfield tag="003">RISM</controlfield>
         <controlfield tag="005">20160216</controlfield>
         <controlfield tag="008">160216n||az|||||||##########||||||||||||</controlfield>
         <datafield tag="040" ind1=" " ind2=" ">
            <subfield code="a">D-ETZp</subfield>
         </datafield>
         <datafield tag="043" ind1=" " ind2=" ">
            <subfield code="c">XA-DE</subfield>
         </datafield>
         <datafield tag="110" ind1="2" ind2=" ">
            <subfield code="a">Evangelische Regionalgemeinde Kindelbrück, Kirchengemeinde Etzleben, Pfarrarchiv</subfield>
            <subfield code="c">Etzleben</subfield>
            <subfield code="g">D-ETZp</subfield>
         </datafield>
         <datafield tag="622" ind1=" " ind2=" ">
            <subfield code="e">Evangelische Regionalgemeinde,  Kindelbrück, Kirchengemeinde Etzleben,,  Pfarrarchiv, Lindenstr. 22, 06577 Etzleben, Germany</subfield>
            <subfield code="u">http://www.evrgkindelbrueck.de/index.php</subfield>
         </datafield>
      </record>