
      <record>
         <leader>00000nz  a2200169   4500</leader>
         <controlfield tag="001">30078031</controlfield>
         <controlfield tag="003">RISM</controlfield>
         <controlfield tag="005">20160216</controlfield>
         <controlfield tag="008">160216n||az|||||||##########||||||||||||</controlfield>
         <datafield tag="040" ind1=" " ind2=" ">
            <subfield code="a">D-EU</subfield>
         </datafield>
         <datafield tag="043" ind1=" " ind2=" ">
            <subfield code="c">XA-DE</subfield>
         </datafield>
         <datafield tag="110" ind1="2" ind2=" ">
            <subfield code="a">Eutiner Landesbibliothek</subfield>
            <subfield code="c">Eutin</subfield>
            <subfield code="g">D-EU</subfield>
         </datafield>
         <datafield tag="410" ind1="2" ind2=" ">
            <subfield code="a">Großherzogliche Öffentliche Bibliothek</subfield>
         </datafield>
         <datafield tag="410" ind1="2" ind2=" ">
            <subfield code="a">Kreisbibliothek Eutin</subfield>
         </datafield>
      </record>