
      <record>
         <leader>00000nz  a2200169   4500</leader>
         <controlfield tag="001">30003828</controlfield>
         <controlfield tag="003">RISM</controlfield>
         <controlfield tag="005">20160216</controlfield>
         <controlfield tag="008">160216n||az|||||||##########||||||||||||</controlfield>
         <datafield tag="040" ind1=" " ind2=" ">
            <subfield code="a">D-Eu</subfield>
         </datafield>
         <datafield tag="043" ind1=" " ind2=" ">
            <subfield code="c">XA-DE</subfield>
         </datafield>
         <datafield tag="110" ind1="2" ind2=" ">
            <subfield code="a">Universitätsbibliothek Eichstätt-Ingolstadt</subfield>
            <subfield code="c">Eichstätt</subfield>
            <subfield code="g">D-Eu</subfield>
         </datafield>
         <datafield tag="410" ind1="2" ind2=" ">
            <subfield code="a">Gesamthochschule, Bibliothek</subfield>
         </datafield>
         <datafield tag="622" ind1=" " ind2=" ">
            <subfield code="e">Universitätsbibliothek Eichstätt, -Ingolstadt, Universitätsallee 1, 85072 Eichstätt, Germany</subfield>
            <subfield code="u">http://www.ku.de/bibliothek/</subfield>
         </datafield>
      </record>