
      <record>
         <leader>00000nz  a2200169   4500</leader>
         <controlfield tag="001">30070510</controlfield>
         <controlfield tag="003">RISM</controlfield>
         <controlfield tag="005">20160216</controlfield>
         <controlfield tag="008">160216n||az|||||||##########||||||||||||</controlfield>
         <datafield tag="040" ind1=" " ind2=" ">
            <subfield code="a">D-EUSsm</subfield>
         </datafield>
         <datafield tag="043" ind1=" " ind2=" ">
            <subfield code="c">XA-DE</subfield>
         </datafield>
         <datafield tag="110" ind1="2" ind2=" ">
            <subfield code="a">Katholische Pfarrei St. Martin</subfield>
            <subfield code="c">Euskirchen</subfield>
            <subfield code="g">D-EUSsm</subfield>
         </datafield>
         <datafield tag="622" ind1=" " ind2=" ">
            <subfield code="e">Katholische Pfarrei St. Martin, Pastoralbüro, Kirchstraße 15, 53879 Euskirchen, Germany</subfield>
            <subfield code="u">http://www.st-martin-euskirchen.de</subfield>
         </datafield>
      </record>