
      <record>
         <leader>00000nz  a2200169   4500</leader>
         <controlfield tag="001">30000753</controlfield>
         <controlfield tag="003">RISM</controlfield>
         <controlfield tag="005">20160216</controlfield>
         <controlfield tag="008">160216n||az|||||||##########||||||||||||</controlfield>
         <datafield tag="040" ind1=" " ind2=" ">
            <subfield code="a">D-EW</subfield>
         </datafield>
         <datafield tag="043" ind1=" " ind2=" ">
            <subfield code="c">XA-DE</subfield>
         </datafield>
         <datafield tag="110" ind1="2" ind2=" ">
            <subfield code="a">Stiftskirche St. Veit</subfield>
            <subfield code="c">Ellwangen an der Jagst</subfield>
            <subfield code="g">D-EW</subfield>
         </datafield>
         <datafield tag="622" ind1=" " ind2=" ">
            <subfield code="e">Stiftskirche St. Veit, Marktpl. 1, 73479 Ellwangen an der Jagst, Germany</subfield>
         </datafield>
      </record>