
      <record>
         <leader>00000nz  a2200169   4500</leader>
         <controlfield tag="001">30000741</controlfield>
         <controlfield tag="003">RISM</controlfield>
         <controlfield tag="005">20160216</controlfield>
         <controlfield tag="008">160216n||az|||||||##########||||||||||||</controlfield>
         <datafield tag="040" ind1=" " ind2=" ">
            <subfield code="a">D-Ew</subfield>
         </datafield>
         <datafield tag="043" ind1=" " ind2=" ">
            <subfield code="c">XA-DE</subfield>
         </datafield>
         <datafield tag="110" ind1="2" ind2=" ">
            <subfield code="a">Benediktinerinnenabtei St. Walburg, Bibliothek</subfield>
            <subfield code="c">Eichstätt</subfield>
            <subfield code="g">D-Ew</subfield>
         </datafield>
         <datafield tag="622" ind1=" " ind2=" ">
            <subfield code="e">Benediktinerinnenabtei St. Walburg,,  Bibliothek, Walburgiberg 6, 85072 Eichstätt, Germany</subfield>
            <subfield code="u">http://www.abtei-st-walburg.de/</subfield>
         </datafield>
      </record>