
      <record>
         <leader>00000nz  a2200169   4500</leader>
         <controlfield tag="001">30000125</controlfield>
         <controlfield tag="003">RISM</controlfield>
         <controlfield tag="005">20160216</controlfield>
         <controlfield tag="008">160216n||az|||||||##########||||||||||||</controlfield>
         <datafield tag="040" ind1=" " ind2=" ">
            <subfield code="a">D-F</subfield>
         </datafield>
         <datafield tag="043" ind1=" " ind2=" ">
            <subfield code="c">XA-DE</subfield>
         </datafield>
         <datafield tag="110" ind1="2" ind2=" ">
            <subfield code="a">Universitätsbibliothek Johann Christian Senckenberg. Abteilung Musik, Theater, Film</subfield>
            <subfield code="c">Frankfurt am Main</subfield>
            <subfield code="g">D-F</subfield>
         </datafield>
         <datafield tag="410" ind1="2" ind2=" ">
            <subfield code="a">Musik- und Theaterabteilung, Manskopfisches Museum</subfield>
         </datafield>
         <datafield tag="622" ind1=" " ind2=" ">
            <subfield code="e">Universitätsbibliothek Johann Christian,  Senckenberg. Abteilung Musik, Theater,,  Film, Bockenheimer Landstraße 134-138, 60325 Frankfurt am Main, Germany</subfield>
            <subfield code="u">http://www.ub.uni-frankfurt.de/musik/musik.html#info</subfield>
         </datafield>
         <datafield tag="710" ind1="2" ind2=" ">
            <subfield code="a">Schott Music GmbH &amp; Co. KG, Verlagsarchiv</subfield>
            <subfield code="0">30000931</subfield>
         </datafield>
      </record>