
      <record>
         <leader>00000nz  a2200169   4500</leader>
         <controlfield tag="001">30001126</controlfield>
         <controlfield tag="003">RISM</controlfield>
         <controlfield tag="005">20160216</controlfield>
         <controlfield tag="008">160216n||az|||||||##########||||||||||||</controlfield>
         <datafield tag="040" ind1=" " ind2=" ">
            <subfield code="a">D-FBb</subfield>
         </datafield>
         <datafield tag="043" ind1=" " ind2=" ">
            <subfield code="c">XA-DE</subfield>
         </datafield>
         <datafield tag="110" ind1="2" ind2=" ">
            <subfield code="a">Technische Universität Bergakademie, Universitätsbibliothek "Georgius Agricola"</subfield>
            <subfield code="c">Freiberg (Sachsen)</subfield>
            <subfield code="g">D-FBb</subfield>
         </datafield>
         <datafield tag="622" ind1=" " ind2=" ">
            <subfield code="e">Technische Universität Bergakademie,,  Universitätsbibliothek "Georgius,  Agricola", Agricolastraße 10, 09599 Freiberg (Sachsen), Germany</subfield>
            <subfield code="u">http://tu-freiberg.de/ub</subfield>
         </datafield>
      </record>