
      <record>
         <leader>00000nz  a2200169   4500</leader>
         <controlfield tag="001">30000112</controlfield>
         <controlfield tag="003">RISM</controlfield>
         <controlfield tag="005">20160216</controlfield>
         <controlfield tag="008">160216n||az|||||||##########||||||||||||</controlfield>
         <datafield tag="040" ind1=" " ind2=" ">
            <subfield code="a">D-FBo</subfield>
         </datafield>
         <datafield tag="043" ind1=" " ind2=" ">
            <subfield code="c">XA-DE</subfield>
         </datafield>
         <datafield tag="110" ind1="2" ind2=" ">
            <subfield code="a">Geschwister-Scholl-Gymnasium, Andreas-Möller-Bibliothek</subfield>
            <subfield code="c">Freiberg (Sachsen)</subfield>
            <subfield code="g">D-FBo</subfield>
         </datafield>
         <datafield tag="410" ind1="2" ind2=" ">
            <subfield code="a">Geschwister-Scholl-Oberschule, Historische Bibliothek</subfield>
         </datafield>
         <datafield tag="410" ind1="2" ind2=" ">
            <subfield code="a">Gymnasium Albertinum</subfield>
         </datafield>
         <datafield tag="410" ind1="2" ind2=" ">
            <subfield code="a">Markgraf-Otto-Schule</subfield>
         </datafield>
         <datafield tag="622" ind1=" " ind2=" ">
            <subfield code="e">Geschwister-Scholl-Gymnasium, Andreas, -Möller-Bibliothek, Geschwister-Scholl-Straße 1, 09599 Freiberg (Sachsen), Germany</subfield>
            <subfield code="u">http://www.gsg-freiberg.de/schule/bibliothek.html</subfield>
         </datafield>
      </record>