
      <record>
         <leader>00000nz  a2200169   4500</leader>
         <controlfield tag="001">30001128</controlfield>
         <controlfield tag="003">RISM</controlfield>
         <controlfield tag="005">20160216</controlfield>
         <controlfield tag="008">160216n||az|||||||##########||||||||||||</controlfield>
         <datafield tag="040" ind1=" " ind2=" ">
            <subfield code="a">D-FF</subfield>
         </datafield>
         <datafield tag="043" ind1=" " ind2=" ">
            <subfield code="c">XA-DE</subfield>
         </datafield>
         <datafield tag="110" ind1="2" ind2=" ">
            <subfield code="a">Stadt- und Regionalbibliothek</subfield>
            <subfield code="c">Frankfurt (Oder)</subfield>
            <subfield code="g">D-FF</subfield>
         </datafield>
         <datafield tag="410" ind1="2" ind2=" ">
            <subfield code="a">Stadt- und Bezirksbibliothek</subfield>
         </datafield>
         <datafield tag="410" ind1="2" ind2=" ">
            <subfield code="a">Stadtbibliothek, Musikbibliothek</subfield>
         </datafield>
         <datafield tag="622" ind1=" " ind2=" ">
            <subfield code="e">Stadt- und Regionalbibliothek, Haus 2, Collegienstraße 10, 15230 Frankfurt (Oder), Germany</subfield>
            <subfield code="u">http://www.stadtbibliothek-frankfurt-oder.de/haus2.php</subfield>
         </datafield>
      </record>