
      <record>
         <leader>00000nz  a2200169   4500</leader>
         <controlfield tag="001">30001129</controlfield>
         <controlfield tag="003">RISM</controlfield>
         <controlfield tag="005">20160216</controlfield>
         <controlfield tag="008">160216n||az|||||||##########||||||||||||</controlfield>
         <datafield tag="040" ind1=" " ind2=" ">
            <subfield code="a">D-FFm</subfield>
         </datafield>
         <datafield tag="043" ind1=" " ind2=" ">
            <subfield code="c">XA-DE</subfield>
         </datafield>
         <datafield tag="110" ind1="2" ind2=" ">
            <subfield code="a">Evangelische Gertraud-Marien-Kirchengemeinde, Archiv und Bibliothek</subfield>
            <subfield code="c">Frankfurt (Oder)</subfield>
            <subfield code="g">D-FFm</subfield>
         </datafield>
         <datafield tag="410" ind1="2" ind2=" ">
            <subfield code="a">St. Marien, Kirchenbibliothek</subfield>
         </datafield>
         <datafield tag="410" ind1="2" ind2=" ">
            <subfield code="a">Marienkirche, Bibliothek</subfield>
         </datafield>
         <datafield tag="622" ind1=" " ind2=" ">
            <subfield code="e">Evangelische,  Gertraud-Marien-Kirchengemeinde, Archiv,  und Bibliothek, Gertraudenplatz 6, 15230 Frankfurt (Oder), Germany</subfield>
            <subfield code="u">http://www.evangelische-kirche-ffo.de/</subfield>
         </datafield>
      </record>