
      <record>
         <leader>00000nz  a2200169   4500</leader>
         <controlfield tag="001">30000110</controlfield>
         <controlfield tag="003">RISM</controlfield>
         <controlfield tag="005">20160216</controlfield>
         <controlfield tag="008">160216n||az|||||||##########||||||||||||</controlfield>
         <datafield tag="040" ind1=" " ind2=" ">
            <subfield code="a">D-FFs</subfield>
         </datafield>
         <datafield tag="043" ind1=" " ind2=" ">
            <subfield code="c">XA-DE</subfield>
         </datafield>
         <datafield tag="110" ind1="2" ind2=" ">
            <subfield code="a">Stadtarchiv</subfield>
            <subfield code="c">Frankfurt (Oder)</subfield>
            <subfield code="g">D-FFs</subfield>
         </datafield>
         <datafield tag="622" ind1=" " ind2=" ">
            <subfield code="e">Stadtarchiv, Collegienstr. 8-9, 15230 Frankfurt (Oder), Germany</subfield>
            <subfield code="u">http://www.stadtarchiv-ffo.de</subfield>
         </datafield>
      </record>