
      <record>
         <leader>00000nz  a2200169   4500</leader>
         <controlfield tag="001">30000167</controlfield>
         <controlfield tag="003">RISM</controlfield>
         <controlfield tag="005">20160216</controlfield>
         <controlfield tag="008">160216n||az|||||||##########||||||||||||</controlfield>
         <datafield tag="040" ind1=" " ind2=" ">
            <subfield code="a">D-FG</subfield>
         </datafield>
         <datafield tag="043" ind1=" " ind2=" ">
            <subfield code="c">XA-DE</subfield>
         </datafield>
         <datafield tag="110" ind1="2" ind2=" ">
            <subfield code="a">St. Marien, Pfarrarchiv</subfield>
            <subfield code="c">Freyburg (Unstrut)</subfield>
            <subfield code="g">D-FG</subfield>
         </datafield>
         <datafield tag="622" ind1=" " ind2=" ">
            <subfield code="e">St. Marien, Pfarrarchiv, 06632 Freyburg (Unstrut), Germany</subfield>
         </datafield>
      </record>