
      <record>
         <leader>00000nz  a2200169   4500</leader>
         <controlfield tag="001">30076930</controlfield>
         <controlfield tag="003">RISM</controlfield>
         <controlfield tag="005">20160216</controlfield>
         <controlfield tag="008">160216n||az|||||||##########||||||||||||</controlfield>
         <datafield tag="040" ind1=" " ind2=" ">
            <subfield code="a">D-Fhi</subfield>
         </datafield>
         <datafield tag="043" ind1=" " ind2=" ">
            <subfield code="c">XA-DE</subfield>
         </datafield>
         <datafield tag="110" ind1="2" ind2=" ">
            <subfield code="a">Hindemith-Institut</subfield>
            <subfield code="c">Frankfurt am Main</subfield>
            <subfield code="g">D-Fhi</subfield>
         </datafield>
         <datafield tag="622" ind1=" " ind2=" ">
            <subfield code="e">Hindemith-Institut, Eschersheimer Landstraße 29-39, 60322 Frankfurt am Main, Germany</subfield>
            <subfield code="u">http://www.paul-hindemith.org/</subfield>
         </datafield>
      </record>