
      <record>
         <leader>00000nz  a2200169   4500</leader>
         <controlfield tag="001">30001130</controlfield>
         <controlfield tag="003">RISM</controlfield>
         <controlfield tag="005">20160216</controlfield>
         <controlfield tag="008">160216n||az|||||||##########||||||||||||</controlfield>
         <datafield tag="040" ind1=" " ind2=" ">
            <subfield code="a">D-FIB</subfield>
         </datafield>
         <datafield tag="043" ind1=" " ind2=" ">
            <subfield code="c">XA-DE</subfield>
         </datafield>
         <datafield tag="110" ind1="2" ind2=" ">
            <subfield code="a">Dreifaltigkeitskirche, Pfarrarchiv</subfield>
            <subfield code="c">Friedrichroda-Finsterbergen</subfield>
            <subfield code="g">D-FIB</subfield>
         </datafield>
         <datafield tag="622" ind1=" " ind2=" ">
            <subfield code="e">Dreifaltigkeitskirche, Pfarrarchiv, Pfarramt Finsterbergen-Altenbergen, Brunnenstraße 2, 99894 Friedrichroda-Finsterbergen, Germany</subfield>
            <subfield code="u">http://www.kandelaber.de/</subfield>
         </datafield>
      </record>