
      <record>
         <leader>00000nz  a2200169   4500</leader>
         <controlfield tag="001">30002862</controlfield>
         <controlfield tag="003">RISM</controlfield>
         <controlfield tag="005">20160216</controlfield>
         <controlfield tag="008">160216n||az|||||||##########||||||||||||</controlfield>
         <datafield tag="040" ind1=" " ind2=" ">
            <subfield code="a">D-FIS</subfield>
         </datafield>
         <datafield tag="043" ind1=" " ind2=" ">
            <subfield code="c">XA-DE</subfield>
         </datafield>
         <datafield tag="110" ind1="2" ind2=" ">
            <subfield code="a">Schloss, Freiherr von Scheurlsche Bibliothek</subfield>
            <subfield code="c">Fischbach bei Nürnberg</subfield>
            <subfield code="g">D-FIS</subfield>
         </datafield>
         <datafield tag="622" ind1=" " ind2=" ">
            <subfield code="e">Schloss, Freiherr von Scheurlsche,  Bibliothek, Schornbaumstr. 20, 90475 Nürnberg, Germany</subfield>
         </datafield>
      </record>