
      <record>
         <leader>00000nz  a2200169   4500</leader>
         <controlfield tag="001">30000611</controlfield>
         <controlfield tag="003">RISM</controlfield>
         <controlfield tag="005">20160216</controlfield>
         <controlfield tag="008">160216n||az|||||||##########||||||||||||</controlfield>
         <datafield tag="040" ind1=" " ind2=" ">
            <subfield code="a">D-Fkm</subfield>
         </datafield>
         <datafield tag="043" ind1=" " ind2=" ">
            <subfield code="c">XA-DE</subfield>
         </datafield>
         <datafield tag="110" ind1="2" ind2=" ">
            <subfield code="a">Museum für angewandte Kunst, Bibliothek</subfield>
            <subfield code="c">Frankfurt am Main</subfield>
            <subfield code="g">D-Fkm</subfield>
         </datafield>
         <datafield tag="410" ind1="2" ind2=" ">
            <subfield code="a">Kunstgewerbemuseum</subfield>
         </datafield>
         <datafield tag="410" ind1="2" ind2=" ">
            <subfield code="a">Museum für Kunsthandwerk, Bibliothek</subfield>
         </datafield>
         <datafield tag="622" ind1=" " ind2=" ">
            <subfield code="e">Museum für angewandte Kunst, Bibliothek, Schaumainkai 17, 60594 Frankfurt am Main, Germany</subfield>
            <subfield code="u">http://www.museumangewandtekunst.de/</subfield>
         </datafield>
      </record>