
      <record>
         <leader>00000nz  a2200169   4500</leader>
         <controlfield tag="001">30000760</controlfield>
         <controlfield tag="003">RISM</controlfield>
         <controlfield tag="005">20160216</controlfield>
         <controlfield tag="008">160216n||az|||||||##########||||||||||||</controlfield>
         <datafield tag="040" ind1=" " ind2=" ">
            <subfield code="a">D-FLa</subfield>
         </datafield>
         <datafield tag="043" ind1=" " ind2=" ">
            <subfield code="c">XA-DE</subfield>
         </datafield>
         <datafield tag="110" ind1="2" ind2=" ">
            <subfield code="a">Stadtarchiv</subfield>
            <subfield code="c">Flensburg</subfield>
            <subfield code="g">D-FLa</subfield>
         </datafield>
         <datafield tag="622" ind1=" " ind2=" ">
            <subfield code="e">Stadtarchiv, Rathaus, Rathausplatz 1, 24937 Flensburg, Germany</subfield>
            <subfield code="u">http://www.flensburg.de/politik-verwaltung/stadtverwaltung/stadtarchiv/index.php</subfield>
         </datafield>
      </record>