
      <record>
         <leader>00000nz  a2200169   4500</leader>
         <controlfield tag="001">30001131</controlfield>
         <controlfield tag="003">RISM</controlfield>
         <controlfield tag="005">20160216</controlfield>
         <controlfield tag="008">160216n||az|||||||##########||||||||||||</controlfield>
         <datafield tag="040" ind1=" " ind2=" ">
            <subfield code="a">D-FLEM</subfield>
         </datafield>
         <datafield tag="043" ind1=" " ind2=" ">
            <subfield code="c">XA-DE</subfield>
         </datafield>
         <datafield tag="110" ind1="2" ind2=" ">
            <subfield code="a">Evangelische Kirchengemeinde Flemmingen, Pfarrarchiv</subfield>
            <subfield code="c">Jückelberg-Flemmingen</subfield>
            <subfield code="g">D-FLEM</subfield>
         </datafield>
         <datafield tag="622" ind1=" " ind2=" ">
            <subfield code="e">Evangelische Kirchengemeinde Flemmingen,,  Pfarrarchiv, Pfarramt, Flemmingen 27, 04618 Jückelberg-Flemmingen, Germany</subfield>
            <subfield code="u">http://www.ekmd.de/kirche/kirchenkreise/285.html?expanded=266#266</subfield>
         </datafield>
      </record>