
      <record>
         <leader>00000nz  a2200169   4500</leader>
         <controlfield tag="001">30000761</controlfield>
         <controlfield tag="003">RISM</controlfield>
         <controlfield tag="005">20160216</controlfield>
         <controlfield tag="008">160216n||az|||||||##########||||||||||||</controlfield>
         <datafield tag="040" ind1=" " ind2=" ">
            <subfield code="a">D-FLs</subfield>
         </datafield>
         <datafield tag="043" ind1=" " ind2=" ">
            <subfield code="c">XA-DE</subfield>
         </datafield>
         <datafield tag="110" ind1="2" ind2=" ">
            <subfield code="a">Leihverkehrs- und Ergänzungsbibliothek</subfield>
            <subfield code="c">Flensburg</subfield>
            <subfield code="g">D-FLs</subfield>
         </datafield>
         <datafield tag="410" ind1="2" ind2=" ">
            <subfield code="a">Landeszentralbibliothek Schleswig-Holstein</subfield>
         </datafield>
         <datafield tag="410" ind1="2" ind2=" ">
            <subfield code="a">Flensburger Schulbibliothek</subfield>
         </datafield>
         <datafield tag="410" ind1="2" ind2=" ">
            <subfield code="a">Kgl. Gymnasium</subfield>
         </datafield>
         <datafield tag="410" ind1="2" ind2=" ">
            <subfield code="a">Staatliches Gymnasium</subfield>
         </datafield>
         <datafield tag="622" ind1=" " ind2=" ">
            <subfield code="e">Leihverkehrs- und Ergänzungsbibliothek, Waitzstr. 5, 24937 Flensburg, Germany</subfield>
            <subfield code="u">http://www.bz-sh.de</subfield>
         </datafield>
      </record>