
      <record>
         <leader>00000nz  a2200169   4500</leader>
         <controlfield tag="001">30000755</controlfield>
         <controlfield tag="003">RISM</controlfield>
         <controlfield tag="005">20160216</controlfield>
         <controlfield tag="008">160216n||az|||||||##########||||||||||||</controlfield>
         <datafield tag="040" ind1=" " ind2=" ">
            <subfield code="a">D-Fmi</subfield>
         </datafield>
         <datafield tag="043" ind1=" " ind2=" ">
            <subfield code="c">XA-DE</subfield>
         </datafield>
         <datafield tag="110" ind1="2" ind2=" ">
            <subfield code="a">Musikwissenschaftliches Institut der Johann Wolfgang Goethe-Universität</subfield>
            <subfield code="c">Frankfurt am Main</subfield>
            <subfield code="g">D-Fmi</subfield>
         </datafield>
         <datafield tag="622" ind1=" " ind2=" ">
            <subfield code="e">Musikwissenschaftliches Institut der,  Johann Wolfgang Goethe-Universität, Senckenberganlage 31, 60325 Frankfurt am Main, Germany</subfield>
            <subfield code="u">http://www.uni-frankfurt.de/43265859/muwi</subfield>
         </datafield>
      </record>