
      <record>
         <leader>00000nz  a2200169   4500</leader>
         <controlfield tag="001">30006103</controlfield>
         <controlfield tag="003">RISM</controlfield>
         <controlfield tag="005">20160216</controlfield>
         <controlfield tag="008">160216n||az|||||||##########||||||||||||</controlfield>
         <datafield tag="040" ind1=" " ind2=" ">
            <subfield code="a">D-FRam</subfield>
         </datafield>
         <datafield tag="043" ind1=" " ind2=" ">
            <subfield code="c">XA-DE</subfield>
         </datafield>
         <datafield tag="110" ind1="2" ind2=" ">
            <subfield code="a">Augustinermuseum, Bibliothek</subfield>
            <subfield code="c">Freiburg im Breisgau</subfield>
            <subfield code="g">D-FRam</subfield>
         </datafield>
         <datafield tag="622" ind1=" " ind2=" ">
            <subfield code="e">Augustinermuseum, Bibliothek, Gerberau 15, 79098 Freiburg im Breisgau, Germany</subfield>
            <subfield code="u">http://www.freiburg.de/pb/,Lde/500840.html</subfield>
         </datafield>
      </record>