
      <record>
         <leader>00000nz  a2200169   4500</leader>
         <controlfield tag="001">30000762</controlfield>
         <controlfield tag="003">RISM</controlfield>
         <controlfield tag="005">20160216</controlfield>
         <controlfield tag="008">160216n||az|||||||##########||||||||||||</controlfield>
         <datafield tag="040" ind1=" " ind2=" ">
            <subfield code="a">D-FRcb</subfield>
         </datafield>
         <datafield tag="043" ind1=" " ind2=" ">
            <subfield code="c">XA-DE</subfield>
         </datafield>
         <datafield tag="110" ind1="2" ind2=" ">
            <subfield code="a">Erzbischöfliches Priesterseminar Collegium Borromaeum, Bibliothek</subfield>
            <subfield code="c">Freiburg im Breisgau</subfield>
            <subfield code="g">D-FRcb</subfield>
         </datafield>
         <datafield tag="410" ind1="2" ind2=" ">
            <subfield code="a">Erzbischöfliches Theologisches Konvikt</subfield>
         </datafield>
         <datafield tag="580" ind1=" " ind2=" ">
            <subfield code="x">D-FReb</subfield>
            <subfield code="0">30080554</subfield>
         </datafield>
         <datafield tag="622" ind1=" " ind2=" ">
            <subfield code="e">Erzbischöfliches Priesterseminar,  Collegium Borromaeum, Bibliothek, Schoferstraße 1, 79098 Freiburg im Breisgau, Germany</subfield>
            <subfield code="u">http://www.cb-freiburg.de/</subfield>
         </datafield>
      </record>