
      <record>
         <leader>00000nz  a2200169   4500</leader>
         <controlfield tag="001">30006104</controlfield>
         <controlfield tag="003">RISM</controlfield>
         <controlfield tag="005">20160216</controlfield>
         <controlfield tag="008">160216n||az|||||||##########||||||||||||</controlfield>
         <datafield tag="040" ind1=" " ind2=" ">
            <subfield code="a">D-FRea</subfield>
         </datafield>
         <datafield tag="043" ind1=" " ind2=" ">
            <subfield code="c">XA-DE</subfield>
         </datafield>
         <datafield tag="110" ind1="2" ind2=" ">
            <subfield code="a">Erzbischöfliches Archiv</subfield>
            <subfield code="c">Freiburg im Breisgau</subfield>
            <subfield code="g">D-FRea</subfield>
         </datafield>
         <datafield tag="622" ind1=" " ind2=" ">
            <subfield code="e">Erzbischöfliches Archiv, Schoferstraße 3, 79098 Freiburg im Breisgau, Germany</subfield>
            <subfield code="u">http://www.ordinariat-freiburg.de/html/archiv322.html</subfield>
         </datafield>
      </record>