
      <record>
         <leader>00000nz  a2200169   4500</leader>
         <controlfield tag="001">30000766</controlfield>
         <controlfield tag="003">RISM</controlfield>
         <controlfield tag="005">20160216</controlfield>
         <controlfield tag="008">160216n||az|||||||##########||||||||||||</controlfield>
         <datafield tag="040" ind1=" " ind2=" ">
            <subfield code="a">D-FRIs</subfield>
         </datafield>
         <datafield tag="043" ind1=" " ind2=" ">
            <subfield code="c">XA-DE</subfield>
         </datafield>
         <datafield tag="110" ind1="2" ind2=" ">
            <subfield code="a">Stadtbibliothek</subfield>
            <subfield code="c">Friedberg</subfield>
            <subfield code="g">D-FRIs</subfield>
         </datafield>
         <datafield tag="622" ind1=" " ind2=" ">
            <subfield code="e">Stadtbibliothek, Bibliothekszentrum Klosterbau, Augustinergasse 8, 61169 Friedberg, Germany</subfield>
            <subfield code="u">http://www.bibliothekszentrumklosterbau.de/index_main.php?alias=maincontainer1</subfield>
         </datafield>
      </record>