
      <record>
         <leader>00000nz  a2200169   4500</leader>
         <controlfield tag="001">30004151</controlfield>
         <controlfield tag="003">RISM</controlfield>
         <controlfield tag="005">20160216</controlfield>
         <controlfield tag="008">160216n||az|||||||##########||||||||||||</controlfield>
         <datafield tag="040" ind1=" " ind2=" ">
            <subfield code="a">D-FRm</subfield>
         </datafield>
         <datafield tag="043" ind1=" " ind2=" ">
            <subfield code="c">XA-DE</subfield>
         </datafield>
         <datafield tag="110" ind1="2" ind2=" ">
            <subfield code="a">Stadtbibliothek, Musikbibliothek</subfield>
            <subfield code="c">Freiburg im Breisgau</subfield>
            <subfield code="g">D-FRm</subfield>
         </datafield>
         <datafield tag="622" ind1=" " ind2=" ">
            <subfield code="e">Stadtbibliothek, Musikbibliothek, Münsterplatz 17, 79098 Freiburg im Breisgau, Germany</subfield>
            <subfield code="u">http://www.freiburg.de/pb/,Lde/266131.html</subfield>
         </datafield>
      </record>