
      <record>
         <leader>00000nz  a2200169   4500</leader>
         <controlfield tag="001">30000763</controlfield>
         <controlfield tag="003">RISM</controlfield>
         <controlfield tag="005">20160216</controlfield>
         <controlfield tag="008">160216n||az|||||||##########||||||||||||</controlfield>
         <datafield tag="040" ind1=" " ind2=" ">
            <subfield code="a">D-FRms</subfield>
         </datafield>
         <datafield tag="043" ind1=" " ind2=" ">
            <subfield code="c">XA-DE</subfield>
         </datafield>
         <datafield tag="110" ind1="2" ind2=" ">
            <subfield code="a">Musikwissenschaftliches Seminar der Albert-Ludwigs-Universität</subfield>
            <subfield code="c">Freiburg im Breisgau</subfield>
            <subfield code="g">D-FRms</subfield>
         </datafield>
         <datafield tag="622" ind1=" " ind2=" ">
            <subfield code="e">Musikwissenschaftliches Seminar der,  Albert-Ludwigs-Universität, Kollegiengebäude I, Platz der Universität 3, 79098 Freiburg im Breisgau, Germany</subfield>
            <subfield code="u">http://www.muwi.uni-freiburg.de</subfield>
         </datafield>
      </record>