
      <record>
         <leader>00000nz  a2200169   4500</leader>
         <controlfield tag="001">30001132</controlfield>
         <controlfield tag="003">RISM</controlfield>
         <controlfield tag="005">20160216</controlfield>
         <controlfield tag="008">160216n||az|||||||##########||||||||||||</controlfield>
         <datafield tag="040" ind1=" " ind2=" ">
            <subfield code="a">D-FRÖ</subfield>
         </datafield>
         <datafield tag="043" ind1=" " ind2=" ">
            <subfield code="c">XA-DE</subfield>
         </datafield>
         <datafield tag="110" ind1="2" ind2=" ">
            <subfield code="a">Evangelische Kirchengemeinde Fröttstädt, Pfarrarchiv</subfield>
            <subfield code="c">Fröttstädt (Hörsel)</subfield>
            <subfield code="g">D-FRÖ</subfield>
         </datafield>
         <datafield tag="622" ind1=" " ind2=" ">
            <subfield code="e">Evangelische Kirchengemeinde Fröttstädt,,  Pfarrarchiv, c/o Pfarramt Hörselgau, Kirchplatz 9, 99880 Hörselgau, Germany</subfield>
            <subfield code="u">http://www.ekmd.de/kirche/kirchenkreise/1893.html?expanded=1964#1964</subfield>
         </datafield>
      </record>