
      <record>
         <leader>00000nz  a2200169   4500</leader>
         <controlfield tag="001">30003786</controlfield>
         <controlfield tag="003">RISM</controlfield>
         <controlfield tag="005">20160216</controlfield>
         <controlfield tag="008">160216n||az|||||||##########||||||||||||</controlfield>
         <datafield tag="040" ind1=" " ind2=" ">
            <subfield code="a">D-FRPp</subfield>
         </datafield>
         <datafield tag="043" ind1=" " ind2=" ">
            <subfield code="c">XA-DE</subfield>
         </datafield>
         <datafield tag="110" ind1="2" ind2=" ">
            <subfield code="a">Kirchspiel Frauenprießnitz-Casekirchen, Evangelische Kirchengemeinde Frauenprießnitz, Pfarrarchiv</subfield>
            <subfield code="c">Frauenprießnitz</subfield>
            <subfield code="g">D-FRPp</subfield>
         </datafield>
         <datafield tag="622" ind1=" " ind2=" ">
            <subfield code="e">Kirchspiel Frauenprießnitz-Casekirchen,,  Evangelische Kirchengemeinde,  Frauenprießnitz, Pfarrarchiv, c/o Pfarrer Andreas Metzner, Casekirchen 21, 06618 Casekirchen (Molauer Land), Germany</subfield>
            <subfield code="u">http://goo.gl/F4udFe</subfield>
         </datafield>
      </record>