
      <record>
         <leader>00000nz  a2200169   4500</leader>
         <controlfield tag="001">30003787</controlfield>
         <controlfield tag="003">RISM</controlfield>
         <controlfield tag="005">20160216</controlfield>
         <controlfield tag="008">160216n||az|||||||##########||||||||||||</controlfield>
         <datafield tag="040" ind1=" " ind2=" ">
            <subfield code="a">D-FRSp</subfield>
         </datafield>
         <datafield tag="043" ind1=" " ind2=" ">
            <subfield code="c">XA-DE</subfield>
         </datafield>
         <datafield tag="110" ind1="2" ind2=" ">
            <subfield code="a">Evangelische Kirchengemeinde, Pfarrarchiv</subfield>
            <subfield code="c">Frömmstedt</subfield>
            <subfield code="g">D-FRSp</subfield>
         </datafield>
         <datafield tag="622" ind1=" " ind2=" ">
            <subfield code="e">Evangelische Kirchengemeinde,,  Pfarrarchiv, c/o Evangelische Regionalgemeinde,  Kindelbrück, Lindenstr. 22, 06577 Etzleben, Germany</subfield>
            <subfield code="u">http://goo.gl/k9HsQv</subfield>
         </datafield>
      </record>