
      <record>
         <leader>00000nz  a2200169   4500</leader>
         <controlfield tag="001">30002890</controlfield>
         <controlfield tag="003">RISM</controlfield>
         <controlfield tag="005">20160216</controlfield>
         <controlfield tag="008">160216n||az|||||||##########||||||||||||</controlfield>
         <datafield tag="040" ind1=" " ind2=" ">
            <subfield code="a">D-FRTH</subfield>
         </datafield>
         <datafield tag="043" ind1=" " ind2=" ">
            <subfield code="c">XA-DE</subfield>
         </datafield>
         <datafield tag="110" ind1="2" ind2=" ">
            <subfield code="a">Evangelisch-Lutherische Kirchengemeinde, Pfarrarchiv</subfield>
            <subfield code="c">Fraureuth</subfield>
            <subfield code="g">D-FRTH</subfield>
         </datafield>
         <datafield tag="622" ind1=" " ind2=" ">
            <subfield code="e">Evangelisch-Lutherische Kirchengemeinde,,  Pfarrarchiv, Pfarramt, Markt 7, 08427 Fraureuth, Germany</subfield>
            <subfield code="u">http://www.kirchengemeinde-fraureuth.de/</subfield>
         </datafield>
      </record>