
      <record>
         <leader>00000nz  a2200169   4500</leader>
         <controlfield tag="001">30080548</controlfield>
         <controlfield tag="003">RISM</controlfield>
         <controlfield tag="005">20160216</controlfield>
         <controlfield tag="008">160216n||az|||||||##########||||||||||||</controlfield>
         <datafield tag="040" ind1=" " ind2=" ">
            <subfield code="a">D-FRzpkm</subfield>
         </datafield>
         <datafield tag="043" ind1=" " ind2=" ">
            <subfield code="c">XA-DE</subfield>
         </datafield>
         <datafield tag="110" ind1="2" ind2=" ">
            <subfield code="a">Zentrum für Populäre Kultur und Musik (zpkm), Bibliothek</subfield>
            <subfield code="c">Freiburg im Breisgau</subfield>
            <subfield code="g">D-FRzpkm</subfield>
         </datafield>
         <datafield tag="622" ind1=" " ind2=" ">
            <subfield code="e">Zentrum für Populäre Kultur und Musik,  (zpkm), Bibliothek, Rosastraße 17-19, 79098 Freiburg im Breisgau, Germany</subfield>
            <subfield code="u">http://www.dva.uni-freiburg.de/bib</subfield>
         </datafield>
      </record>