
      <record>
         <leader>00000nz  a2200169   4500</leader>
         <controlfield tag="001">30004150</controlfield>
         <controlfield tag="003">RISM</controlfield>
         <controlfield tag="005">20160216</controlfield>
         <controlfield tag="008">160216n||az|||||||##########||||||||||||</controlfield>
         <datafield tag="040" ind1=" " ind2=" ">
            <subfield code="a">D-Fsb</subfield>
         </datafield>
         <datafield tag="043" ind1=" " ind2=" ">
            <subfield code="c">XA-DE</subfield>
         </datafield>
         <datafield tag="110" ind1="2" ind2=" ">
            <subfield code="a">Stadtbücherei, Musikbibliothek</subfield>
            <subfield code="c">Frankfurt am Main</subfield>
            <subfield code="g">D-Fsb</subfield>
         </datafield>
         <datafield tag="622" ind1=" " ind2=" ">
            <subfield code="e">Stadtbücherei, Musikbibliothek, Hasengasse 4, 60311 Frankfurt am Main, Germany</subfield>
            <subfield code="u">http://goo.gl/YYQvqX</subfield>
         </datafield>
      </record>