
      <record>
         <leader>00000nz  a2200169   4500</leader>
         <controlfield tag="001">30000758</controlfield>
         <controlfield tag="003">RISM</controlfield>
         <controlfield tag="005">20160216</controlfield>
         <controlfield tag="008">160216n||az|||||||##########||||||||||||</controlfield>
         <datafield tag="040" ind1=" " ind2=" ">
            <subfield code="a">D-Fsm</subfield>
         </datafield>
         <datafield tag="043" ind1=" " ind2=" ">
            <subfield code="c">XA-DE</subfield>
         </datafield>
         <datafield tag="110" ind1="2" ind2=" ">
            <subfield code="a">Bibliothek für Neuere Sprachen und Musik</subfield>
            <subfield code="c">Frankfurt am Main</subfield>
            <subfield code="g">D-Fsm</subfield>
         </datafield>
         <datafield tag="410" ind1="2" ind2=" ">
            <subfield code="a">Carl von Rothschildsche Öffentliche Bibliothek</subfield>
         </datafield>
         <datafield tag="580" ind1=" " ind2=" ">
            <subfield code="x">D-F</subfield>
            <subfield code="0">30000125</subfield>
         </datafield>
      </record>