
      <record>
         <leader>00000nz  a2200169   4500</leader>
         <controlfield tag="001">30001324</controlfield>
         <controlfield tag="003">RISM</controlfield>
         <controlfield tag="005">20160216</controlfield>
         <controlfield tag="008">160216n||az|||||||##########||||||||||||</controlfield>
         <datafield tag="040" ind1=" " ind2=" ">
            <subfield code="a">D-FTZd</subfield>
         </datafield>
         <datafield tag="043" ind1=" " ind2=" ">
            <subfield code="c">XA-DE</subfield>
         </datafield>
         <datafield tag="110" ind1="2" ind2=" ">
            <subfield code="a">Domgemeinde St. Peter, Dombibliothek</subfield>
            <subfield code="c">Fritzlar</subfield>
            <subfield code="g">D-FTZd</subfield>
         </datafield>
         <datafield tag="622" ind1=" " ind2=" ">
            <subfield code="e">Domgemeinde St. Peter, Dombibliothek, Kath. Pfarramt, Dr.-Jestädt-Platz 11, 34560 Fritzlar, Germany</subfield>
            <subfield code="u">http://goo.gl/aPoyoM</subfield>
         </datafield>
      </record>