
      <record>
         <leader>00000nz  a2200169   4500</leader>
         <controlfield tag="001">30001135</controlfield>
         <controlfield tag="003">RISM</controlfield>
         <controlfield tag="005">20160216</controlfield>
         <controlfield tag="008">160216n||az|||||||##########||||||||||||</controlfield>
         <datafield tag="040" ind1=" " ind2=" ">
            <subfield code="a">D-FÜkahl</subfield>
         </datafield>
         <datafield tag="043" ind1=" " ind2=" ">
            <subfield code="c">XA-DE</subfield>
         </datafield>
         <datafield tag="110" ind1="2" ind2=" ">
            <subfield code="a">Privatsammlung Annemarie Kahl</subfield>
            <subfield code="c">Fürstenwalde/Spree</subfield>
            <subfield code="g">D-FÜkahl</subfield>
         </datafield>
         <datafield tag="622" ind1=" " ind2=" ">
            <subfield code="e">Privatsammlung Annemarie Kahl, 01778 Fürstenwalde/Spree, Germany</subfield>
         </datafield>
      </record>