
      <record>
         <leader>00000nz  a2200169   4500</leader>
         <controlfield tag="001">30061507</controlfield>
         <controlfield tag="003">RISM</controlfield>
         <controlfield tag="005">20160216</controlfield>
         <controlfield tag="008">160216n||az|||||||##########||||||||||||</controlfield>
         <datafield tag="040" ind1=" " ind2=" ">
            <subfield code="a">D-FUs</subfield>
         </datafield>
         <datafield tag="043" ind1=" " ind2=" ">
            <subfield code="c">XA-DE</subfield>
         </datafield>
         <datafield tag="110" ind1="2" ind2=" ">
            <subfield code="a">Stadtarchiv</subfield>
            <subfield code="c">Fulda</subfield>
            <subfield code="g">D-FUs</subfield>
         </datafield>
         <datafield tag="622" ind1=" " ind2=" ">
            <subfield code="e">Stadtarchiv, Bonifatiusplatz 1-3, 36037 Fulda, Germany</subfield>
            <subfield code="u">http://www.kultur-fulda.de/stadtarchiv/index.php</subfield>
         </datafield>
      </record>