
      <record>
         <leader>00000nz  a2200169   4500</leader>
         <controlfield tag="001">30003667</controlfield>
         <controlfield tag="003">RISM</controlfield>
         <controlfield tag="005">20160216</controlfield>
         <controlfield tag="008">160216n||az|||||||##########||||||||||||</controlfield>
         <datafield tag="040" ind1=" " ind2=" ">
            <subfield code="a">D-FÜS</subfield>
         </datafield>
         <datafield tag="043" ind1=" " ind2=" ">
            <subfield code="c">XA-DE</subfield>
         </datafield>
         <datafield tag="110" ind1="2" ind2=" ">
            <subfield code="a">Katholisches Stadtpfarramt St. Mang</subfield>
            <subfield code="c">Füssen</subfield>
            <subfield code="g">D-FÜS</subfield>
         </datafield>
         <datafield tag="622" ind1=" " ind2=" ">
            <subfield code="e">Katholisches Stadtpfarramt St. Mang, Luitpoldstr. 20, 87629 Füssen, Germany</subfield>
            <subfield code="u">http://www.katholisch-fuessen.de/pfarreien-und-kirchen/st-mang</subfield>
         </datafield>
      </record>