
      <record>
         <leader>00000nz  a2200169   4500</leader>
         <controlfield tag="001">30003832</controlfield>
         <controlfield tag="003">RISM</controlfield>
         <controlfield tag="005">20160216</controlfield>
         <controlfield tag="008">160216n||az|||||||##########||||||||||||</controlfield>
         <datafield tag="040" ind1=" " ind2=" ">
            <subfield code="a">D-FW</subfield>
         </datafield>
         <datafield tag="043" ind1=" " ind2=" ">
            <subfield code="c">XA-DE</subfield>
         </datafield>
         <datafield tag="110" ind1="2" ind2=" ">
            <subfield code="a">Benediktinerinnenabtei Frauenwörth im Chiemsee, Archiv</subfield>
            <subfield code="c">Frauenchiemsee</subfield>
            <subfield code="g">D-FW</subfield>
         </datafield>
         <datafield tag="410" ind1="2" ind2=" ">
            <subfield code="a">Kloster Frauenwörth</subfield>
         </datafield>
         <datafield tag="622" ind1=" " ind2=" ">
            <subfield code="e">Benediktinerinnenabtei Frauenwörth im,  Chiemsee, Archiv, Frauenchiemsee Nr. 50, 83256 Frauenchiemsee, Germany</subfield>
            <subfield code="u">http://www.frauenwoerth.de/</subfield>
         </datafield>
      </record>