
      <record>
         <leader>00000nz  a2200169   4500</leader>
         <controlfield tag="001">30003833</controlfield>
         <controlfield tag="003">RISM</controlfield>
         <controlfield tag="005">20160216</controlfield>
         <controlfield tag="008">160216n||az|||||||##########||||||||||||</controlfield>
         <datafield tag="040" ind1=" " ind2=" ">
            <subfield code="a">D-FWGm</subfield>
         </datafield>
         <datafield tag="043" ind1=" " ind2=" ">
            <subfield code="c">XA-DE</subfield>
         </datafield>
         <datafield tag="110" ind1="2" ind2=" ">
            <subfield code="a">Sängermuseum Feuchtwangen, Archiv</subfield>
            <subfield code="c">Feuchtwangen</subfield>
            <subfield code="g">D-FWGm</subfield>
         </datafield>
         <datafield tag="410" ind1="2" ind2=" ">
            <subfield code="a">Stiftung Dokumentations- und Forschungszentrum des Deutschen Chorwesens</subfield>
         </datafield>
         <datafield tag="410" ind1="2" ind2=" ">
            <subfield code="a">Sängermuseum des Fränkischen Sängerbundes e. V., Archiv und Sammlungen</subfield>
         </datafield>
         <datafield tag="622" ind1=" " ind2=" ">
            <subfield code="e">Sängermuseum Feuchtwangen, Archiv, Am Spittel 2-6, 91555 Feuchtwangen, Germany</subfield>
            <subfield code="u">http://www.saengermuseum.de/</subfield>
         </datafield>
      </record>