
      <record>
         <leader>00000nz  a2200169   4500</leader>
         <controlfield tag="001">30001136</controlfield>
         <controlfield tag="003">RISM</controlfield>
         <controlfield tag="005">20160216</controlfield>
         <controlfield tag="008">160216n||az|||||||##########||||||||||||</controlfield>
         <datafield tag="040" ind1=" " ind2=" ">
            <subfield code="a">D-GA</subfield>
         </datafield>
         <datafield tag="043" ind1=" " ind2=" ">
            <subfield code="c">XA-DE</subfield>
         </datafield>
         <datafield tag="110" ind1="2" ind2=" ">
            <subfield code="a">Schloss Gaußig, Schlossbibliothek</subfield>
            <subfield code="c">Doberschau-Gaußig</subfield>
            <subfield code="g">D-GA</subfield>
         </datafield>
         <datafield tag="622" ind1=" " ind2=" ">
            <subfield code="e">Schloss Gaußig, Schlossbibliothek, 02633 Doberschau-Gaussig, Germany</subfield>
         </datafield>
      </record>