
      <record>
         <leader>00000nz  a2200169   4500</leader>
         <controlfield tag="001">30000772</controlfield>
         <controlfield tag="003">RISM</controlfield>
         <controlfield tag="005">20160216</controlfield>
         <controlfield tag="008">160216n||az|||||||##########||||||||||||</controlfield>
         <datafield tag="040" ind1=" " ind2=" ">
            <subfield code="a">D-Ga</subfield>
         </datafield>
         <datafield tag="043" ind1=" " ind2=" ">
            <subfield code="c">XA-DE</subfield>
         </datafield>
         <datafield tag="110" ind1="2" ind2=" ">
            <subfield code="a">Staatliches Archivlager</subfield>
            <subfield code="c">Göttingen</subfield>
            <subfield code="g">D-Ga</subfield>
         </datafield>
         <datafield tag="410" ind1="2" ind2=" ">
            <subfield code="a">Staatliches Archiv</subfield>
         </datafield>
         <datafield tag="410" ind1="2" ind2=" ">
            <subfield code="a">Staatliches Archivlager, Abteilung Zerbster Bestände des zonalen Archivlagers</subfield>
         </datafield>
         <datafield tag="580" ind1=" " ind2=" ">
            <subfield code="x">D-Bga</subfield>
            <subfield code="0">30005632</subfield>
         </datafield>
         <datafield tag="580" ind1=" " ind2=" ">
            <subfield code="x">D-ORB</subfield>
            <subfield code="0">30000108</subfield>
         </datafield>
      </record>