
      <record>
         <leader>00000nz  a2200169   4500</leader>
         <controlfield tag="001">30000777</controlfield>
         <controlfield tag="003">RISM</controlfield>
         <controlfield tag="005">20160216</controlfield>
         <controlfield tag="008">160216n||az|||||||##########||||||||||||</controlfield>
         <datafield tag="040" ind1=" " ind2=" ">
            <subfield code="a">D-GAH</subfield>
         </datafield>
         <datafield tag="043" ind1=" " ind2=" ">
            <subfield code="c">XA-DE</subfield>
         </datafield>
         <datafield tag="110" ind1="2" ind2=" ">
            <subfield code="a">Stiftsbibliothek</subfield>
            <subfield code="c">Bad Gandersheim</subfield>
            <subfield code="g">D-GAH</subfield>
         </datafield>
         <datafield tag="580" ind1=" " ind2=" ">
            <subfield code="x">D-BSps</subfield>
            <subfield code="0">30000702</subfield>
         </datafield>
      </record>