
      <record>
         <leader>00000nz  a2200169   4500</leader>
         <controlfield tag="001">30000780</controlfield>
         <controlfield tag="003">RISM</controlfield>
         <controlfield tag="005">20160216</controlfield>
         <controlfield tag="008">160216n||az|||||||##########||||||||||||</controlfield>
         <datafield tag="040" ind1=" " ind2=" ">
            <subfield code="a">D-GAR</subfield>
         </datafield>
         <datafield tag="043" ind1=" " ind2=" ">
            <subfield code="c">XA-DE</subfield>
         </datafield>
         <datafield tag="110" ind1="2" ind2=" ">
            <subfield code="a">Kloster Gars am Inn, Bibliothek der Redemptoristen</subfield>
            <subfield code="c">Gars am Inn</subfield>
            <subfield code="g">D-GAR</subfield>
         </datafield>
         <datafield tag="410" ind1="2" ind2=" ">
            <subfield code="a">Philosophisch-Theologische Ordenshochschule der Redemptoristen, Bibliothek</subfield>
         </datafield>
         <datafield tag="622" ind1=" " ind2=" ">
            <subfield code="e">Kloster Gars am Inn, Bibliothek der,  Redemptoristen, Kirchplatz 10, 83536 Gars am Inn, Germany</subfield>
            <subfield code="u">http://www.klostergars.de/Bibliothek.html</subfield>
         </datafield>
      </record>