
      <record>
         <leader>00000nz  a2200169   4500</leader>
         <controlfield tag="001">30001137</controlfield>
         <controlfield tag="003">RISM</controlfield>
         <controlfield tag="005">20160216</controlfield>
         <controlfield tag="008">160216n||az|||||||##########||||||||||||</controlfield>
         <datafield tag="040" ind1=" " ind2=" ">
            <subfield code="a">D-GAU</subfield>
         </datafield>
         <datafield tag="043" ind1=" " ind2=" ">
            <subfield code="c">XA-DE</subfield>
         </datafield>
         <datafield tag="110" ind1="2" ind2=" ">
            <subfield code="a">St.-Nikolaus-Kirche, Pfarrbibliothek</subfield>
            <subfield code="c">Gauernitz-Constappel</subfield>
            <subfield code="g">D-GAU</subfield>
         </datafield>
         <datafield tag="622" ind1=" " ind2=" ">
            <subfield code="e">St.-Nikolaus-Kirche, Pfarrbibliothek, 01665 Gauernitz-Constappel, Germany</subfield>
         </datafield>
      </record>