
      <record>
         <leader>00000nz  a2200169   4500</leader>
         <controlfield tag="001">30001138</controlfield>
         <controlfield tag="003">RISM</controlfield>
         <controlfield tag="005">20160216</controlfield>
         <controlfield tag="008">160216n||az|||||||##########||||||||||||</controlfield>
         <datafield tag="040" ind1=" " ind2=" ">
            <subfield code="a">D-GBB</subfield>
         </datafield>
         <datafield tag="043" ind1=" " ind2=" ">
            <subfield code="c">XA-DE</subfield>
         </datafield>
         <datafield tag="110" ind1="2" ind2=" ">
            <subfield code="a">Evangelisch-Lutherische Kirchgemeinde Großbrembach, Pfarrarchiv</subfield>
            <subfield code="c">Großbrembach</subfield>
            <subfield code="g">D-GBB</subfield>
         </datafield>
         <datafield tag="622" ind1=" " ind2=" ">
            <subfield code="e">Evangelisch-Lutherische Kirchgemeinde,  Großbrembach, Pfarrarchiv, Pfarramt, Platz der Demokratie 1, 99610 Großbrembach, Germany</subfield>
            <subfield code="u">http://www.ekmd.de/kirche/kirchenkreise/102.html?expanded=169#169</subfield>
         </datafield>
         <datafield tag="710" ind1="2" ind2=" ">
            <subfield code="a">Bibliothek des Pfarramtes</subfield>
            <subfield code="0">30003827</subfield>
         </datafield>
         <datafield tag="710" ind1="2" ind2=" ">
            <subfield code="a">Evangelisch-Lutherische Kirchengemeinde Kleinneuhausen, Pfarrarchiv</subfield>
            <subfield code="0">30003794</subfield>
         </datafield>
      </record>