
      <record>
         <leader>00000nz  a2200169   4500</leader>
         <controlfield tag="001">30000781</controlfield>
         <controlfield tag="003">RISM</controlfield>
         <controlfield tag="005">20160216</controlfield>
         <controlfield tag="008">160216n||az|||||||##########||||||||||||</controlfield>
         <datafield tag="040" ind1=" " ind2=" ">
            <subfield code="a">D-GD</subfield>
         </datafield>
         <datafield tag="043" ind1=" " ind2=" ">
            <subfield code="c">XA-DE</subfield>
         </datafield>
         <datafield tag="110" ind1="2" ind2=" ">
            <subfield code="a">Collegium Augustinianum Gaesdonck</subfield>
            <subfield code="c">Goch</subfield>
            <subfield code="g">D-GD</subfield>
         </datafield>
         <datafield tag="410" ind1="2" ind2=" ">
            <subfield code="a">Bibliotheca domus presbyterorum Gaesdonck</subfield>
         </datafield>
         <datafield tag="410" ind1="2" ind2=" ">
            <subfield code="a">Bibliothek des ehemaligen Augustiner-Chor-Herrentiner-Chor-Herrenstifts</subfield>
         </datafield>
         <datafield tag="410" ind1="2" ind2=" ">
            <subfield code="a">Hilfspredigerseminar</subfield>
         </datafield>
         <datafield tag="622" ind1=" " ind2=" ">
            <subfield code="e">Collegium Augustinianum Gaesdonck, Gaesdoncker Straße 220, 47574 Goch, Germany</subfield>
            <subfield code="u">http://www.gaesdonck.de/</subfield>
         </datafield>
      </record>