
      <record>
         <leader>00000nz  a2200169   4500</leader>
         <controlfield tag="001">30001139</controlfield>
         <controlfield tag="003">RISM</controlfield>
         <controlfield tag="005">20160216</controlfield>
         <controlfield tag="008">160216n||az|||||||##########||||||||||||</controlfield>
         <datafield tag="040" ind1=" " ind2=" ">
            <subfield code="a">D-GDZ</subfield>
         </datafield>
         <datafield tag="043" ind1=" " ind2=" ">
            <subfield code="c">XA-DE</subfield>
         </datafield>
         <datafield tag="110" ind1="2" ind2=" ">
            <subfield code="a">Evangelisch-Lutherische Kirchgemeinde Großdalzig, Pfarrarchiv</subfield>
            <subfield code="c">Zwenkau-Großdalzig</subfield>
            <subfield code="g">D-GDZ</subfield>
         </datafield>
         <datafield tag="622" ind1=" " ind2=" ">
            <subfield code="e">Evangelisch-Lutherische Kirchgemeinde,  Großdalzig, Pfarrarchiv, c/o Pfarramt Kirchgemeinde Zwenkau, Pfarrgasse 14, 04442 Zwenkau, Germany</subfield>
            <subfield code="u">http://www.ev-kirche-zwenkau.de/index.html</subfield>
         </datafield>
      </record>