
      <record>
         <leader>00000nz  a2200169   4500</leader>
         <controlfield tag="001">30002891</controlfield>
         <controlfield tag="003">RISM</controlfield>
         <controlfield tag="005">20160216</controlfield>
         <controlfield tag="008">160216n||az|||||||##########||||||||||||</controlfield>
         <datafield tag="040" ind1=" " ind2=" ">
            <subfield code="a">D-GED</subfield>
         </datafield>
         <datafield tag="043" ind1=" " ind2=" ">
            <subfield code="c">XA-DE</subfield>
         </datafield>
         <datafield tag="110" ind1="2" ind2=" ">
            <subfield code="a">Kirchspiel Kahla-Hummelshain, Evangelische Kirchengemeinde Großeutersdorf, Pfarrarchiv</subfield>
            <subfield code="c">Großeutersdorf</subfield>
            <subfield code="g">D-GED</subfield>
         </datafield>
         <datafield tag="622" ind1=" " ind2=" ">
            <subfield code="e">Kirchspiel Kahla-Hummelshain,,  Evangelische Kirchengemeinde,  Großeutersdorf, Pfarrarchiv, c/o Gemeindebüro Kahla, Rudolf-Breitscheid-Straße 1, 07768 Kahla, Germany</subfield>
            <subfield code="u">http://goo.gl/RtgC7j</subfield>
         </datafield>
      </record>