
      <record>
         <leader>00000nz  a2200169   4500</leader>
         <controlfield tag="001">30002892</controlfield>
         <controlfield tag="003">RISM</controlfield>
         <controlfield tag="005">20160216</controlfield>
         <controlfield tag="008">160216n||az|||||||##########||||||||||||</controlfield>
         <datafield tag="040" ind1=" " ind2=" ">
            <subfield code="a">D-GERL</subfield>
         </datafield>
         <datafield tag="043" ind1=" " ind2=" ">
            <subfield code="c">XA-DE</subfield>
         </datafield>
         <datafield tag="110" ind1="2" ind2=" ">
            <subfield code="a">Evangelische Kirchengemeinde Liebschwitz, Pfarrarchiv</subfield>
            <subfield code="c">Gera-Liebschwitz</subfield>
            <subfield code="g">D-GERL</subfield>
         </datafield>
         <datafield tag="622" ind1=" " ind2=" ">
            <subfield code="e">Evangelische Kirchengemeinde,  Liebschwitz, Pfarrarchiv, c/o Pfarramt Gera-Lusan/ Zwötzen, August-Bebel-Straße 33, 07551 Gera-Zwötzen, Germany</subfield>
            <subfield code="u">http://www.ekmd.de/kirche/kirchenkreise/875.html?expanded=924#924</subfield>
         </datafield>
      </record>