
      <record>
         <leader>00000nz  a2200169   4500</leader>
         <controlfield tag="001">30001144</controlfield>
         <controlfield tag="003">RISM</controlfield>
         <controlfield tag="005">20160216</controlfield>
         <controlfield tag="008">160216n||az|||||||##########||||||||||||</controlfield>
         <datafield tag="040" ind1=" " ind2=" ">
            <subfield code="a">D-GERsb</subfield>
         </datafield>
         <datafield tag="043" ind1=" " ind2=" ">
            <subfield code="c">XA-DE</subfield>
         </datafield>
         <datafield tag="110" ind1="2" ind2=" ">
            <subfield code="a">Stadt- und Regionalbibliothek, Musikbibliothek</subfield>
            <subfield code="c">Gera</subfield>
            <subfield code="g">D-GERsb</subfield>
         </datafield>
         <datafield tag="410" ind1="2" ind2=" ">
            <subfield code="a">Stadt- und Bezirksbibliothek</subfield>
         </datafield>
         <datafield tag="410" ind1="2" ind2=" ">
            <subfield code="a">Freie Öffentliche Landesbücherei</subfield>
         </datafield>
         <datafield tag="622" ind1=" " ind2=" ">
            <subfield code="e">Stadt- und Regionalbibliothek,,  Musikbibliothek, Puschkinplatz 7, 07545 Gera, Germany</subfield>
            <subfield code="u">http://www.biblio-gera.de/index.php</subfield>
         </datafield>
      </record>