
      <record>
         <leader>00000nz  a2200169   4500</leader>
         <controlfield tag="001">46235</controlfield>
         <controlfield tag="003">RISM</controlfield>
         <controlfield tag="005">20160216</controlfield>
         <controlfield tag="008">160216n||az|||||||##########||||||||||||</controlfield>
         <datafield tag="040" ind1=" " ind2=" ">
            <subfield code="a">D-GERsta</subfield>
         </datafield>
         <datafield tag="043" ind1=" " ind2=" ">
            <subfield code="c">XA-DE</subfield>
         </datafield>
         <datafield tag="110" ind1="2" ind2=" ">
            <subfield code="a">Stadtarchiv</subfield>
            <subfield code="c">Gera</subfield>
            <subfield code="g">D-GERsta</subfield>
         </datafield>
         <datafield tag="622" ind1=" " ind2=" ">
            <subfield code="e">Stadtarchiv, Gagarinstraße 99, 07545 Gera, Germany</subfield>
            <subfield code="u">https://www.gera.de/sixcms/detail.php?id=128579</subfield>
         </datafield>
      </record>