
      <record>
         <leader>00000nz  a2200169   4500</leader>
         <controlfield tag="001">30002761</controlfield>
         <controlfield tag="003">RISM</controlfield>
         <controlfield tag="005">20160216</controlfield>
         <controlfield tag="008">160216n||az|||||||##########||||||||||||</controlfield>
         <datafield tag="040" ind1=" " ind2=" ">
            <subfield code="a">D-GEY</subfield>
         </datafield>
         <datafield tag="043" ind1=" " ind2=" ">
            <subfield code="c">XA-DE</subfield>
         </datafield>
         <datafield tag="110" ind1="2" ind2=" ">
            <subfield code="a">Evangelisch-Lutherische St.-Laurentius-Kirchgemeinde, Kirchenbibliothek</subfield>
            <subfield code="c">Geyer</subfield>
            <subfield code="g">D-GEY</subfield>
         </datafield>
         <datafield tag="622" ind1=" " ind2=" ">
            <subfield code="e">Evangelisch-Lutherische,  St.-Laurentius-Kirchgemeinde,,  Kirchenbibliothek, Am Lotterhof 12, 09468 Geyer, Germany</subfield>
            <subfield code="u">http://www.kirche-geyer.de/</subfield>
         </datafield>
      </record>