
      <record>
         <leader>00000nz  a2200169   4500</leader>
         <controlfield tag="001">30070452</controlfield>
         <controlfield tag="003">RISM</controlfield>
         <controlfield tag="005">20160216</controlfield>
         <controlfield tag="008">160216n||az|||||||##########||||||||||||</controlfield>
         <datafield tag="040" ind1=" " ind2=" ">
            <subfield code="a">D-Gfda</subfield>
         </datafield>
         <datafield tag="043" ind1=" " ind2=" ">
            <subfield code="c">XA-DE</subfield>
         </datafield>
         <datafield tag="110" ind1="2" ind2=" ">
            <subfield code="a">Franz-Danzi-Archiv</subfield>
            <subfield code="c">Göttingen</subfield>
            <subfield code="g">D-Gfda</subfield>
         </datafield>
         <datafield tag="622" ind1=" " ind2=" ">
            <subfield code="e">Franz-Danzi-Archiv, c/o Dr. Volkmar von Pechstaedt, Weserstr. 20, 34125 Kassel, Germany</subfield>
            <subfield code="u">https://web.archive.org/web/20100603152713/http://www.danzi.de/</subfield>
         </datafield>
      </record>