
      <record>
         <leader>00000nz  a2200169   4500</leader>
         <controlfield tag="001">30070409</controlfield>
         <controlfield tag="003">RISM</controlfield>
         <controlfield tag="005">20160216</controlfield>
         <controlfield tag="008">160216n||az|||||||##########||||||||||||</controlfield>
         <datafield tag="040" ind1=" " ind2=" ">
            <subfield code="a">D-Ghg</subfield>
         </datafield>
         <datafield tag="043" ind1=" " ind2=" ">
            <subfield code="c">XA-DE</subfield>
         </datafield>
         <datafield tag="110" ind1="2" ind2=" ">
            <subfield code="a">Göttinger Händel-Gesellschaft e. V.</subfield>
            <subfield code="c">Göttingen</subfield>
            <subfield code="g">D-Ghg</subfield>
         </datafield>
         <datafield tag="622" ind1=" " ind2=" ">
            <subfield code="e">Göttinger Händel-Gesellschaft e. V., Hainholzweg 3, 37085 Göttingen, Germany</subfield>
            <subfield code="u">http://www.haendel-festspiele.de/front_content.php?idcat=159</subfield>
         </datafield>
      </record>