
      <record>
         <leader>00000nz  a2200169   4500</leader>
         <controlfield tag="001">30001146</controlfield>
         <controlfield tag="003">RISM</controlfield>
         <controlfield tag="005">20160216</controlfield>
         <controlfield tag="008">160216n||az|||||||##########||||||||||||</controlfield>
         <datafield tag="040" ind1=" " ind2=" ">
            <subfield code="a">D-GHk</subfield>
         </datafield>
         <datafield tag="043" ind1=" " ind2=" ">
            <subfield code="c">XA-DE</subfield>
         </datafield>
         <datafield tag="110" ind1="2" ind2=" ">
            <subfield code="a">Evangelisch-Lutherisches Pfarramt, Kirchenarchiv</subfield>
            <subfield code="c">Geithain</subfield>
            <subfield code="g">D-GHk</subfield>
         </datafield>
         <datafield tag="622" ind1=" " ind2=" ">
            <subfield code="e">Evangelisch-Lutherisches Pfarramt,,  Kirchenarchiv, Leipziger Straße 29, 04643 Geithain, Germany</subfield>
         </datafield>
      </record>