
      <record>
         <leader>00000nz  a2200169   4500</leader>
         <controlfield tag="001">30001148</controlfield>
         <controlfield tag="003">RISM</controlfield>
         <controlfield tag="005">20160216</controlfield>
         <controlfield tag="008">160216n||az|||||||##########||||||||||||</controlfield>
         <datafield tag="040" ind1=" " ind2=" ">
            <subfield code="a">D-GHNk</subfield>
         </datafield>
         <datafield tag="043" ind1=" " ind2=" ">
            <subfield code="c">XA-DE</subfield>
         </datafield>
         <datafield tag="110" ind1="2" ind2=" ">
            <subfield code="a">Evangelisch-Lutherisches Pfarramt St. Marien, Kirchenbibliothek</subfield>
            <subfield code="c">Großenhain</subfield>
            <subfield code="g">D-GHNk</subfield>
         </datafield>
         <datafield tag="622" ind1=" " ind2=" ">
            <subfield code="e">Evangelisch-Lutherisches Pfarramt St.,  Marien, Kirchenbibliothek, Naundorfer Str. 29, 01558 Großenhain, Germany</subfield>
            <subfield code="u">http://www.kirchspiel-grossenhain.de/web/aktuelles/</subfield>
         </datafield>
      </record>