
      <record>
         <leader>00000nz  a2200169   4500</leader>
         <controlfield tag="001">30002893</controlfield>
         <controlfield tag="003">RISM</controlfield>
         <controlfield tag="005">20160216</controlfield>
         <controlfield tag="008">160216n||az|||||||##########||||||||||||</controlfield>
         <datafield tag="040" ind1=" " ind2=" ">
            <subfield code="a">D-GHS</subfield>
         </datafield>
         <datafield tag="043" ind1=" " ind2=" ">
            <subfield code="c">XA-DE</subfield>
         </datafield>
         <datafield tag="110" ind1="2" ind2=" ">
            <subfield code="a">Evangelische Kirchengemeinde Großhettstedt, Pfarrarchiv</subfield>
            <subfield code="c">Großhettstedt (Ilmtal)</subfield>
            <subfield code="g">D-GHS</subfield>
         </datafield>
         <datafield tag="622" ind1=" " ind2=" ">
            <subfield code="e">Evangelische Kirchengemeinde,  Großhettstedt, Pfarrarchiv, c/o Pfarramt Griesheim, Stadtilmer Str. 7, 99326 Griesheim (Ilmtal), Germany</subfield>
            <subfield code="u">http://www.gemeinde-ilmtal.de/ilmtal-interessant/kirchen/kirchspiel-griesheim/</subfield>
         </datafield>
      </record>