
      <record>
         <leader>00000nz  a2200169   4500</leader>
         <controlfield tag="001">30000783</controlfield>
         <controlfield tag="003">RISM</controlfield>
         <controlfield tag="005">20160216</controlfield>
         <controlfield tag="008">160216n||az|||||||##########||||||||||||</controlfield>
         <datafield tag="040" ind1=" " ind2=" ">
            <subfield code="a">D-GI</subfield>
         </datafield>
         <datafield tag="043" ind1=" " ind2=" ">
            <subfield code="c">XA-DE</subfield>
         </datafield>
         <datafield tag="110" ind1="2" ind2=" ">
            <subfield code="a">Justus-Liebig-Universität, Universitätsbibliothek</subfield>
            <subfield code="c">Gießen</subfield>
            <subfield code="g">D-GI</subfield>
         </datafield>
         <datafield tag="622" ind1=" " ind2=" ">
            <subfield code="e">Justus-Liebig-Universität,,  Universitätsbibliothek, Otto-Behagel-Str. 8, 35394 Gießen, Germany</subfield>
            <subfield code="u">http://www.uni-giessen.de/ub/de</subfield>
         </datafield>
      </record>