
      <record>
         <leader>00000nz  a2200169   4500</leader>
         <controlfield tag="001">30002764</controlfield>
         <controlfield tag="003">RISM</controlfield>
         <controlfield tag="005">20160216</controlfield>
         <controlfield tag="008">160216n||az|||||||##########||||||||||||</controlfield>
         <datafield tag="040" ind1=" " ind2=" ">
            <subfield code="a">D-GIN</subfield>
         </datafield>
         <datafield tag="043" ind1=" " ind2=" ">
            <subfield code="c">XA-DE</subfield>
         </datafield>
         <datafield tag="110" ind1="2" ind2=" ">
            <subfield code="a">Evangelische Kirchengemeinde Giengen, Kirchenbibliothek</subfield>
            <subfield code="c">Giengen an der Brenz</subfield>
            <subfield code="g">D-GIN</subfield>
         </datafield>
         <datafield tag="622" ind1=" " ind2=" ">
            <subfield code="e">Evangelische Kirchengemeinde Giengen,,  Kirchenbibliothek, Tanzlaube 1, 89537 Giengen an der Brenz, Germany</subfield>
            <subfield code="u">http://www.giengen-evangelisch.de/</subfield>
         </datafield>
      </record>