
      <record>
         <leader>00000nz  a2200169   4500</leader>
         <controlfield tag="001">30002894</controlfield>
         <controlfield tag="003">RISM</controlfield>
         <controlfield tag="005">20160216</controlfield>
         <controlfield tag="008">160216n||az|||||||##########||||||||||||</controlfield>
         <datafield tag="040" ind1=" " ind2=" ">
            <subfield code="a">D-GJ</subfield>
         </datafield>
         <datafield tag="043" ind1=" " ind2=" ">
            <subfield code="c">XA-DE</subfield>
         </datafield>
         <datafield tag="110" ind1="2" ind2=" ">
            <subfield code="a">Evangelische Kirchengemeinde Großjena, Pfarrarchiv</subfield>
            <subfield code="c">Naumburg (Saale)-Großjena</subfield>
            <subfield code="g">D-GJ</subfield>
         </datafield>
         <datafield tag="622" ind1=" " ind2=" ">
            <subfield code="e">Evangelische Kirchengemeinde Großjena,,  Pfarrarchiv, c/o Pfarrstelle Goseck, Hugo-Heinemann-Str. 1, 06667 Goseck, Germany</subfield>
            <subfield code="u">http://www.ekmd.de/kirche/kirchenkreise/3122.html?expanded=3459#3459</subfield>
         </datafield>
      </record>