
      <record>
         <leader>00000nz  a2200169   4500</leader>
         <controlfield tag="001">30003790</controlfield>
         <controlfield tag="003">RISM</controlfield>
         <controlfield tag="005">20160216</controlfield>
         <controlfield tag="008">160216n||az|||||||##########||||||||||||</controlfield>
         <datafield tag="040" ind1=" " ind2=" ">
            <subfield code="a">D-GKRp</subfield>
         </datafield>
         <datafield tag="043" ind1=" " ind2=" ">
            <subfield code="c">XA-DE</subfield>
         </datafield>
         <datafield tag="110" ind1="2" ind2=" ">
            <subfield code="a">Evangelisch-Lutherische Kirchengemeinde Großkröbitz, Pfarrarchiv</subfield>
            <subfield code="c">Großkröbitz</subfield>
            <subfield code="g">D-GKRp</subfield>
         </datafield>
         <datafield tag="622" ind1=" " ind2=" ">
            <subfield code="e">Evangelisch-Lutherische Kirchengemeinde,  Großkröbitz, Pfarrarchiv, c/o Pfarramt Magdala, Schulstr. 18, 99441 Magdala, Germany</subfield>
            <subfield code="u">http://www.kirche-magdala.de/</subfield>
         </datafield>
      </record>