
      <record>
         <leader>00000nz  a2200169   4500</leader>
         <controlfield tag="001">30079217</controlfield>
         <controlfield tag="003">RISM</controlfield>
         <controlfield tag="005">20160216</controlfield>
         <controlfield tag="008">160216n||az|||||||##########||||||||||||</controlfield>
         <datafield tag="040" ind1=" " ind2=" ">
            <subfield code="a">D-Gku</subfield>
         </datafield>
         <datafield tag="043" ind1=" " ind2=" ">
            <subfield code="c">XA-DE</subfield>
         </datafield>
         <datafield tag="110" ind1="2" ind2=" ">
            <subfield code="a">Kunstsammlung der Georg-August-Universität</subfield>
            <subfield code="c">Göttingen</subfield>
            <subfield code="g">D-Gku</subfield>
         </datafield>
         <datafield tag="622" ind1=" " ind2=" ">
            <subfield code="e">Kunstsammlung der,  Georg-August-Universität, Dr. Anne-Katrin Sors, Kustodin der,  Kunstsammlung, Nikolausberger Weg 15, 37073 Göttingen, Germany</subfield>
            <subfield code="u">http://www.uni-goettingen.de/de/304930.html</subfield>
         </datafield>
      </record>