
      <record>
         <leader>00000nz  a2200169   4500</leader>
         <controlfield tag="001">30000784</controlfield>
         <controlfield tag="003">RISM</controlfield>
         <controlfield tag="005">20160216</controlfield>
         <controlfield tag="008">160216n||az|||||||##########||||||||||||</controlfield>
         <datafield tag="040" ind1=" " ind2=" ">
            <subfield code="a">D-GL</subfield>
         </datafield>
         <datafield tag="043" ind1=" " ind2=" ">
            <subfield code="c">XA-DE</subfield>
         </datafield>
         <datafield tag="110" ind1="2" ind2=" ">
            <subfield code="a">Marktkirchen-Bibliothek</subfield>
            <subfield code="c">Goslar</subfield>
            <subfield code="g">D-GL</subfield>
         </datafield>
         <datafield tag="410" ind1="2" ind2=" ">
            <subfield code="a">Evangelisch-Lutherische Kirchengemeinde St. Cosmas und Damian zum Markte</subfield>
         </datafield>
         <datafield tag="622" ind1=" " ind2=" ">
            <subfield code="e">Marktkirchen-Bibliothek, Evangelisch-Lutherische Kirchengemeinde,  St. Cosmas und Damian zum Markte, Kaiserbleek 5, 38640 Goslar, Germany</subfield>
            <subfield code="u">http://www.marktkirche-goslar.de/bibliothek-1.html</subfield>
         </datafield>
      </record>