
      <record>
         <leader>00000nz  a2200169   4500</leader>
         <controlfield tag="001">30001149</controlfield>
         <controlfield tag="003">RISM</controlfield>
         <controlfield tag="005">20160216</controlfield>
         <controlfield tag="008">160216n||az|||||||##########||||||||||||</controlfield>
         <datafield tag="040" ind1=" " ind2=" ">
            <subfield code="a">D-GLA</subfield>
         </datafield>
         <datafield tag="043" ind1=" " ind2=" ">
            <subfield code="c">XA-DE</subfield>
         </datafield>
         <datafield tag="110" ind1="2" ind2=" ">
            <subfield code="a">Evangelisch-Lutherisches Kirchspiel Glashütte, Pfarrarchiv</subfield>
            <subfield code="c">Glashütte (Sachsen)</subfield>
            <subfield code="g">D-GLA</subfield>
         </datafield>
         <datafield tag="622" ind1=" " ind2=" ">
            <subfield code="e">Evangelisch-Lutherisches Kirchspiel,  Glashütte, Pfarrarchiv, Markt 6, 01768 Glashütte (Sachsen), Germany</subfield>
            <subfield code="u">http://www.kirchspiel-glashuette.de/index.html</subfield>
         </datafield>
      </record>