
      <record>
         <leader>00000nz  a2200169   4500</leader>
         <controlfield tag="001">30001150</controlfield>
         <controlfield tag="003">RISM</controlfield>
         <controlfield tag="005">20160216</controlfield>
         <controlfield tag="008">160216n||az|||||||##########||||||||||||</controlfield>
         <datafield tag="040" ind1=" " ind2=" ">
            <subfield code="a">D-GLAU</subfield>
         </datafield>
         <datafield tag="043" ind1=" " ind2=" ">
            <subfield code="c">XA-DE</subfield>
         </datafield>
         <datafield tag="110" ind1="2" ind2=" ">
            <subfield code="a">Evangelisch-Lutherische Kirchgemeinde St. Georgen, Musikarchiv</subfield>
            <subfield code="c">Glauchau</subfield>
            <subfield code="g">D-GLAU</subfield>
         </datafield>
         <datafield tag="622" ind1=" " ind2=" ">
            <subfield code="e">Evangelisch-Lutherische Kirchgemeinde,  St. Georgen, Musikarchiv, Kirchplatz 7, 08371 Glauchau, Germany</subfield>
            <subfield code="u">http://georgenkirche-glauchau.de/</subfield>
         </datafield>
      </record>