
      <record>
         <leader>00000nz  a2200169   4500</leader>
         <controlfield tag="001">30001152</controlfield>
         <controlfield tag="003">RISM</controlfield>
         <controlfield tag="005">20160216</controlfield>
         <controlfield tag="008">160216n||az|||||||##########||||||||||||</controlfield>
         <datafield tag="040" ind1=" " ind2=" ">
            <subfield code="a">D-GM</subfield>
         </datafield>
         <datafield tag="043" ind1=" " ind2=" ">
            <subfield code="c">XA-DE</subfield>
         </datafield>
         <datafield tag="110" ind1="2" ind2=" ">
            <subfield code="a">Museum Göschenhaus</subfield>
            <subfield code="c">Grimma</subfield>
            <subfield code="g">D-GM</subfield>
         </datafield>
         <datafield tag="410" ind1="2" ind2=" ">
            <subfield code="a">Seume-Gedenkstätte</subfield>
         </datafield>
         <datafield tag="410" ind1="2" ind2=" ">
            <subfield code="a">Privatsammlung Dr. Johannes Sturm</subfield>
         </datafield>
         <datafield tag="622" ind1=" " ind2=" ">
            <subfield code="e">Museum Göschenhaus, Schillerstr. 25, 04668 Grimma, Germany</subfield>
            <subfield code="u">http://www.goeschenhaus.de/?SHC=1</subfield>
         </datafield>
      </record>