
      <record>
         <leader>00000nz  a2200169   4500</leader>
         <controlfield tag="001">30003748</controlfield>
         <controlfield tag="003">RISM</controlfield>
         <controlfield tag="005">20160216</controlfield>
         <controlfield tag="008">160216n||az|||||||##########||||||||||||</controlfield>
         <datafield tag="040" ind1=" " ind2=" ">
            <subfield code="a">D-GMR</subfield>
         </datafield>
         <datafield tag="043" ind1=" " ind2=" ">
            <subfield code="c">XA-DE</subfield>
         </datafield>
         <datafield tag="110" ind1="2" ind2=" ">
            <subfield code="a">Evangelische Kirche St. Peter und Paul, Pfarrarchiv</subfield>
            <subfield code="c">Großmonra</subfield>
            <subfield code="g">D-GMR</subfield>
         </datafield>
         <datafield tag="622" ind1=" " ind2=" ">
            <subfield code="e">Evangelische Kirche St. Peter und Paul,,  Pfarrarchiv, 99625 Großmonra, Germany</subfield>
            <subfield code="u">http://goo.gl/wTdyr4</subfield>
         </datafield>
      </record>