
      <record>
         <leader>00000nz  a2200169   4500</leader>
         <controlfield tag="001">30000775</controlfield>
         <controlfield tag="003">RISM</controlfield>
         <controlfield tag="005">20160216</controlfield>
         <controlfield tag="008">160216n||az|||||||##########||||||||||||</controlfield>
         <datafield tag="040" ind1=" " ind2=" ">
            <subfield code="a">D-Gms</subfield>
         </datafield>
         <datafield tag="043" ind1=" " ind2=" ">
            <subfield code="c">XA-DE</subfield>
         </datafield>
         <datafield tag="110" ind1="2" ind2=" ">
            <subfield code="a">Musikwissenschaftliches Seminar der Georg-August-Universität</subfield>
            <subfield code="c">Göttingen</subfield>
            <subfield code="g">D-Gms</subfield>
         </datafield>
         <datafield tag="410" ind1="2" ind2=" ">
            <subfield code="a">Musikwissenschaftliches Seminar der Universität</subfield>
         </datafield>
         <datafield tag="410" ind1="2" ind2=" ">
            <subfield code="a">Hessisches Musikarchiv</subfield>
         </datafield>
         <datafield tag="622" ind1=" " ind2=" ">
            <subfield code="e">Musikwissenschaftliches Seminar der,  Georg-August-Universität, Kurze Geismarstraße 1, 37073 Göttingen, Germany</subfield>
            <subfield code="u">https://www.uni-goettingen.de/de/70697.html</subfield>
         </datafield>
      </record>