
      <record>
         <leader>00000nz  a2200169   4500</leader>
         <controlfield tag="001">30080228</controlfield>
         <controlfield tag="003">RISM</controlfield>
         <controlfield tag="005">20160216</controlfield>
         <controlfield tag="008">160216n||az|||||||##########||||||||||||</controlfield>
         <datafield tag="040" ind1=" " ind2=" ">
            <subfield code="a">D-GMsta</subfield>
         </datafield>
         <datafield tag="043" ind1=" " ind2=" ">
            <subfield code="c">XA-DE</subfield>
         </datafield>
         <datafield tag="110" ind1="2" ind2=" ">
            <subfield code="a">Stadtarchiv</subfield>
            <subfield code="c">Grimma</subfield>
            <subfield code="g">D-GMsta</subfield>
         </datafield>
         <datafield tag="622" ind1=" " ind2=" ">
            <subfield code="e">Stadtarchiv, Markt 16/17, 04668 Grimma, Germany</subfield>
            <subfield code="u">http://www.stadt-grimma.de/stadt_historisches_stadtarchiv#.VSTYPdysWSo</subfield>
         </datafield>
      </record>