
      <record>
         <leader>00000nz  a2200169   4500</leader>
         <controlfield tag="001">30000044</controlfield>
         <controlfield tag="003">RISM</controlfield>
         <controlfield tag="005">20160216</controlfield>
         <controlfield tag="008">160216n||az|||||||##########||||||||||||</controlfield>
         <datafield tag="040" ind1=" " ind2=" ">
            <subfield code="a">D-GOa</subfield>
         </datafield>
         <datafield tag="043" ind1=" " ind2=" ">
            <subfield code="c">XA-DE</subfield>
         </datafield>
         <datafield tag="110" ind1="2" ind2=" ">
            <subfield code="a">Augustinerkirche, Notenbibliothek</subfield>
            <subfield code="c">Gotha</subfield>
            <subfield code="g">D-GOa</subfield>
         </datafield>
         <datafield tag="410" ind1="2" ind2=" ">
            <subfield code="a">Augustinerkirche, Bibliothek</subfield>
         </datafield>
         <datafield tag="410" ind1="2" ind2=" ">
            <subfield code="a">Superintendentur, Bibliothek</subfield>
         </datafield>
         <datafield tag="622" ind1=" " ind2=" ">
            <subfield code="e">Augustinerkirche, Notenbibliothek, Evangelisch-Lutherische Kirchengemeinde, Jüdenstraße 27, 99867 Gotha, Germany</subfield>
            <subfield code="u">http://www.kirchgemeinde-gotha.de/index.php?id=302</subfield>
         </datafield>
      </record>