
      <record>
         <leader>00000nz  a2200169   4500</leader>
         <controlfield tag="001">30002897</controlfield>
         <controlfield tag="003">RISM</controlfield>
         <controlfield tag="005">20160216</controlfield>
         <controlfield tag="008">160216n||az|||||||##########||||||||||||</controlfield>
         <datafield tag="040" ind1=" " ind2=" ">
            <subfield code="a">D-GOB</subfield>
         </datafield>
         <datafield tag="043" ind1=" " ind2=" ">
            <subfield code="c">XA-DE</subfield>
         </datafield>
         <datafield tag="110" ind1="2" ind2=" ">
            <subfield code="a">Evangelische Kirchengemeinde Großobringen, Pfarrarchiv</subfield>
            <subfield code="c">Großobringen</subfield>
            <subfield code="g">D-GOB</subfield>
         </datafield>
         <datafield tag="622" ind1=" " ind2=" ">
            <subfield code="e">Evangelische Kirchengemeinde,  Großobringen, Pfarrarchiv, Pfarramt Schöndorf-Großobringen, Unterdorf 110, 99439 Großobringen, Germany</subfield>
            <subfield code="u">http://www.ekmd.de/kirche/kirchenkreise/597.html?expanded=778#778</subfield>
         </datafield>
      </record>