
      <record>
         <leader>00000nz  a2200169   4500</leader>
         <controlfield tag="001">30001155</controlfield>
         <controlfield tag="003">RISM</controlfield>
         <controlfield tag="005">20160216</controlfield>
         <controlfield tag="008">160216n||az|||||||##########||||||||||||</controlfield>
         <datafield tag="040" ind1=" " ind2=" ">
            <subfield code="a">D-GÖp</subfield>
         </datafield>
         <datafield tag="043" ind1=" " ind2=" ">
            <subfield code="c">XA-DE</subfield>
         </datafield>
         <datafield tag="110" ind1="2" ind2=" ">
            <subfield code="a">Evangelischer Parochialverband, Bibliothek</subfield>
            <subfield code="c">Görlitz</subfield>
            <subfield code="g">D-GÖp</subfield>
         </datafield>
         <datafield tag="622" ind1=" " ind2=" ">
            <subfield code="e">Evangelischer Parochialverband,,  Bibliothek, Johannes-Wüsten-Str. 21, 02826 Görlitz, Germany</subfield>
         </datafield>
      </record>