
      <record>
         <leader>00000nz  a2200169   4500</leader>
         <controlfield tag="001">30001158</controlfield>
         <controlfield tag="003">RISM</controlfield>
         <controlfield tag="005">20160216</controlfield>
         <controlfield tag="008">160216n||az|||||||##########||||||||||||</controlfield>
         <datafield tag="040" ind1=" " ind2=" ">
            <subfield code="a">D-GOS</subfield>
         </datafield>
         <datafield tag="043" ind1=" " ind2=" ">
            <subfield code="c">XA-DE</subfield>
         </datafield>
         <datafield tag="110" ind1="2" ind2=" ">
            <subfield code="a">Evangelisch-Lutherisches Pfarramt Siebleben, Pfarrarchiv</subfield>
            <subfield code="c">Gotha-Siebleben</subfield>
            <subfield code="g">D-GOS</subfield>
         </datafield>
         <datafield tag="622" ind1=" " ind2=" ">
            <subfield code="e">Evangelisch-Lutherisches Pfarramt,  Siebleben, Pfarrarchiv, Oberstraße 20, 99867 Gotha-Siebleben, Germany</subfield>
            <subfield code="u">http://www.kirchgemeinde-gotha.de/index.php?id=302&amp;CSS=uigdaboz</subfield>
         </datafield>
      </record>