
      <record>
         <leader>00000nz  a2200169   4500</leader>
         <controlfield tag="001">30001154</controlfield>
         <controlfield tag="003">RISM</controlfield>
         <controlfield tag="005">20160216</controlfield>
         <controlfield tag="008">160216n||az|||||||##########||||||||||||</controlfield>
         <datafield tag="040" ind1=" " ind2=" ">
            <subfield code="a">D-GOs</subfield>
         </datafield>
         <datafield tag="043" ind1=" " ind2=" ">
            <subfield code="c">XA-DE</subfield>
         </datafield>
         <datafield tag="110" ind1="2" ind2=" ">
            <subfield code="a">Stadtarchiv</subfield>
            <subfield code="c">Gotha</subfield>
            <subfield code="g">D-GOs</subfield>
         </datafield>
         <datafield tag="622" ind1=" " ind2=" ">
            <subfield code="e">Stadtarchiv, Stadtverwaltung Gotha, Neues Rathaus, Ekhofplatz 24, 99867 Gotha, Germany</subfield>
            <subfield code="u">http://goo.gl/KgrMUc</subfield>
         </datafield>
      </record>