
      <record>
         <leader>00000nz  a2200169   4500</leader>
         <controlfield tag="001">30000113</controlfield>
         <controlfield tag="003">RISM</controlfield>
         <controlfield tag="005">20160216</controlfield>
         <controlfield tag="008">160216n||az|||||||##########||||||||||||</controlfield>
         <datafield tag="040" ind1=" " ind2=" ">
            <subfield code="a">D-GÖs</subfield>
         </datafield>
         <datafield tag="043" ind1=" " ind2=" ">
            <subfield code="c">XA-DE</subfield>
         </datafield>
         <datafield tag="110" ind1="2" ind2=" ">
            <subfield code="a">Oberlausitzische Bibliothek der Wissenschaften</subfield>
            <subfield code="c">Görlitz</subfield>
            <subfield code="g">D-GÖs</subfield>
         </datafield>
         <datafield tag="410" ind1="2" ind2=" ">
            <subfield code="a">Oberlausitzische Bibliothek der Wissenschaften bei den Görlitzer Sammlungen</subfield>
         </datafield>
         <datafield tag="410" ind1="2" ind2=" ">
            <subfield code="a">Stadtbibliothek, Wissenschaftliche Abteilung, Musiksammlung</subfield>
         </datafield>
         <datafield tag="622" ind1=" " ind2=" ">
            <subfield code="e">Oberlausitzische Bibliothek der,  Wissenschaften, Richard-Jecht-Haus, Handwerk 2, 02826 Görlitz, Germany</subfield>
            <subfield code="u">http://www.olb.goerlitz.de/startseitederolb.html</subfield>
         </datafield>
      </record>