
      <record>
         <leader>00000nz  a2200169   4500</leader>
         <controlfield tag="001">30003265</controlfield>
         <controlfield tag="003">RISM</controlfield>
         <controlfield tag="005">20160216</controlfield>
         <controlfield tag="008">160216n||az|||||||##########||||||||||||</controlfield>
         <datafield tag="040" ind1=" " ind2=" ">
            <subfield code="a">D-GOsk</subfield>
         </datafield>
         <datafield tag="043" ind1=" " ind2=" ">
            <subfield code="c">XA-DE</subfield>
         </datafield>
         <datafield tag="110" ind1="2" ind2=" ">
            <subfield code="a">Stadtbibliothek "Heinrich Heine"</subfield>
            <subfield code="c">Gotha</subfield>
            <subfield code="g">D-GOsk</subfield>
         </datafield>
         <datafield tag="410" ind1="2" ind2=" ">
            <subfield code="a">Stadt- und Kreisbibliothek "Heinrich Heine", Musikbibliothek</subfield>
         </datafield>
         <datafield tag="622" ind1=" " ind2=" ">
            <subfield code="e">Stadtbibliothek "Heinrich Heine", Stadtverwaltung Gotha, Friedrichstr. 2-4, 99867 Gotha, Germany</subfield>
            <subfield code="u">http://www.gotha.de/leben-in-gotha/lernen-bildung/stadtbibliothek.html</subfield>
         </datafield>
      </record>