
      <record>
         <leader>00000nz  a2200169   4500</leader>
         <controlfield tag="001">30005625</controlfield>
         <controlfield tag="003">RISM</controlfield>
         <controlfield tag="005">20160216</controlfield>
         <controlfield tag="008">160216n||az|||||||##########||||||||||||</controlfield>
         <datafield tag="040" ind1=" " ind2=" ">
            <subfield code="a">D-GOtsa</subfield>
         </datafield>
         <datafield tag="043" ind1=" " ind2=" ">
            <subfield code="c">XA-DE</subfield>
         </datafield>
         <datafield tag="110" ind1="2" ind2=" ">
            <subfield code="a">Thüringisches Staatsarchiv</subfield>
            <subfield code="c">Gotha</subfield>
            <subfield code="g">D-GOtsa</subfield>
         </datafield>
         <datafield tag="410" ind1="2" ind2=" ">
            <subfield code="a">Thüringisches Hauptstaatsarchiv Weimar, Außenstelle Gotha</subfield>
         </datafield>
         <datafield tag="622" ind1=" " ind2=" ">
            <subfield code="e">Thüringisches Staatsarchiv, Justus-Perthes-Str. 5, 99867 Gotha, Germany</subfield>
            <subfield code="u">http://www.thueringen.de/th1/tsk/kultur/staatsarchive/standorte/gotha/index.aspx</subfield>
         </datafield>
      </record>