
      <record>
         <leader>00000nz  a2200169   4500</leader>
         <controlfield tag="001">30076597</controlfield>
         <controlfield tag="003">RISM</controlfield>
         <controlfield tag="005">20160216</controlfield>
         <controlfield tag="008">160216n||az|||||||##########||||||||||||</controlfield>
         <datafield tag="040" ind1=" " ind2=" ">
            <subfield code="a">D-GPrsi</subfield>
         </datafield>
         <datafield tag="043" ind1=" " ind2=" ">
            <subfield code="c">XA-DE</subfield>
         </datafield>
         <datafield tag="110" ind1="2" ind2=" ">
            <subfield code="a">Richard-Strauss-Institut</subfield>
            <subfield code="c">Garmisch-Partenkirchen</subfield>
            <subfield code="g">D-GPrsi</subfield>
         </datafield>
         <datafield tag="622" ind1=" " ind2=" ">
            <subfield code="e">Richard-Strauss-Institut, Schnitzschulstraße 19, 82467 Garmisch-Partenkirchen, Germany</subfield>
            <subfield code="u">http://www.richard-strauss-institut.de/</subfield>
         </datafield>
      </record>