
      <record>
         <leader>00000nz  a2200169   4500</leader>
         <controlfield tag="001">30076172</controlfield>
         <controlfield tag="003">RISM</controlfield>
         <controlfield tag="005">20160216</controlfield>
         <controlfield tag="008">160216n||az|||||||##########||||||||||||</controlfield>
         <datafield tag="040" ind1=" " ind2=" ">
            <subfield code="a">D-GRF</subfield>
         </datafield>
         <datafield tag="043" ind1=" " ind2=" ">
            <subfield code="c">XA-DE</subfield>
         </datafield>
         <datafield tag="110" ind1="2" ind2=" ">
            <subfield code="a">Theobald-Böhm-Archiv</subfield>
            <subfield code="c">Gräfelfing</subfield>
            <subfield code="g">D-GRF</subfield>
         </datafield>
         <datafield tag="622" ind1=" " ind2=" ">
            <subfield code="e">Theobald-Böhm-Archiv, Asamstraße 6, 82166 Gräfelfing, Germany</subfield>
         </datafield>
      </record>