
      <record>
         <leader>00000nz  a2200169   4500</leader>
         <controlfield tag="001">30003266</controlfield>
         <controlfield tag="003">RISM</controlfield>
         <controlfield tag="005">20160216</controlfield>
         <controlfield tag="008">160216n||az|||||||##########||||||||||||</controlfield>
         <datafield tag="040" ind1=" " ind2=" ">
            <subfield code="a">D-GRim</subfield>
         </datafield>
         <datafield tag="043" ind1=" " ind2=" ">
            <subfield code="c">XA-DE</subfield>
         </datafield>
         <datafield tag="110" ind1="2" ind2=" ">
            <subfield code="a">Ernst Moritz Arndt Universität, Institut für Kirchenmusik und Musikwissenschaft, Bibliothek</subfield>
            <subfield code="c">Greifswald</subfield>
            <subfield code="g">D-GRim</subfield>
         </datafield>
         <datafield tag="622" ind1=" " ind2=" ">
            <subfield code="e">Ernst Moritz Arndt Universität, Institut,  für Kirchenmusik und Musikwissenschaft,,  Bibliothek, Bahnhofstraße 48/49, 17489 Greifswald, Germany</subfield>
            <subfield code="u">http://www.phil.uni-greifswald.de/bereich2/musik.html</subfield>
         </datafield>
      </record>