
      <record>
         <leader>00000nz  a2200169   4500</leader>
         <controlfield tag="001">30001159</controlfield>
         <controlfield tag="003">RISM</controlfield>
         <controlfield tag="005">20160216</controlfield>
         <controlfield tag="008">160216n||az|||||||##########||||||||||||</controlfield>
         <datafield tag="040" ind1=" " ind2=" ">
            <subfield code="a">D-GRk</subfield>
         </datafield>
         <datafield tag="043" ind1=" " ind2=" ">
            <subfield code="c">XA-DE</subfield>
         </datafield>
         <datafield tag="110" ind1="2" ind2=" ">
            <subfield code="a">Bibliothek des geistlichen Ministeriums im Dom St. Nikolai</subfield>
            <subfield code="c">Greifswald</subfield>
            <subfield code="g">D-GRk</subfield>
         </datafield>
         <datafield tag="410" ind1="2" ind2=" ">
            <subfield code="a">Evangelisches Konsistorium, Konsistorialbibliothek</subfield>
         </datafield>
         <datafield tag="410" ind1="2" ind2=" ">
            <subfield code="a">Landeskirchliches Archiv, Pommersche Evangelische Kirche</subfield>
         </datafield>
         <datafield tag="622" ind1=" " ind2=" ">
            <subfield code="e">Bibliothek des geistlichen Ministeriums,  im Dom St. Nikolai, Evangelische Kirchengemeinde St. Nikolai, Domstraße 54, 17489 Greifswald, Germany</subfield>
            <subfield code="u">http://www.dom-greifswald.de/</subfield>
         </datafield>
      </record>