
      <record>
         <leader>00000nz  a2200169   4500</leader>
         <controlfield tag="001">30003749</controlfield>
         <controlfield tag="003">RISM</controlfield>
         <controlfield tag="005">20160216</controlfield>
         <controlfield tag="008">160216n||az|||||||##########||||||||||||</controlfield>
         <datafield tag="040" ind1=" " ind2=" ">
            <subfield code="a">D-GRLpa</subfield>
         </datafield>
         <datafield tag="043" ind1=" " ind2=" ">
            <subfield code="c">XA-DE</subfield>
         </datafield>
         <datafield tag="110" ind1="2" ind2=" ">
            <subfield code="a">Evangelisch-Lutherische Kirchengemeinde Großenlupnitz, Pfarrarchiv</subfield>
            <subfield code="c">Großenlupnitz (Hörselberg-Hainich)</subfield>
            <subfield code="g">D-GRLpa</subfield>
         </datafield>
         <datafield tag="410" ind1="2" ind2=" ">
            <subfield code="a">Kirchenbibliothek</subfield>
         </datafield>
         <datafield tag="622" ind1=" " ind2=" ">
            <subfield code="e">Evangelisch-Lutherische Kirchengemeinde,  Großenlupnitz, Pfarrarchiv, c/o Pfarrstelle Melborn II, Pfarrgasse 2, 99819 Melborn, Germany</subfield>
            <subfield code="u">http://goo.gl/1q2UcZ</subfield>
         </datafield>
      </record>