
      <record>
         <leader>00000nz  a2200169   4500</leader>
         <controlfield tag="001">30001161</controlfield>
         <controlfield tag="003">RISM</controlfield>
         <controlfield tag="005">20160216</controlfield>
         <controlfield tag="008">160216n||az|||||||##########||||||||||||</controlfield>
         <datafield tag="040" ind1=" " ind2=" ">
            <subfield code="a">D-GRÜ</subfield>
         </datafield>
         <datafield tag="043" ind1=" " ind2=" ">
            <subfield code="c">XA-DE</subfield>
         </datafield>
         <datafield tag="110" ind1="2" ind2=" ">
            <subfield code="a">Evangelisch-Lutherische St.-Nicolai-Kirchgemeinde Grünhain, Pfarrarchiv</subfield>
            <subfield code="c">Grünhain-Beierfeld</subfield>
            <subfield code="g">D-GRÜ</subfield>
         </datafield>
         <datafield tag="622" ind1=" " ind2=" ">
            <subfield code="e">Evangelisch-Lutherische,  St.-Nicolai-Kirchgemeinde Grünhain,,  Pfarrarchiv, Pfarramt, Markt 1, 08344 Grünhain-Beierfeld, Germany</subfield>
            <subfield code="u">http://kg.kirche-gruenhain.de/</subfield>
         </datafield>
      </record>