
      <record>
         <leader>00000nz  a2200169   4500</leader>
         <controlfield tag="001">30078575</controlfield>
         <controlfield tag="003">RISM</controlfield>
         <controlfield tag="005">20160216</controlfield>
         <controlfield tag="008">160216n||az|||||||##########||||||||||||</controlfield>
         <datafield tag="040" ind1=" " ind2=" ">
            <subfield code="a">D-GRua</subfield>
         </datafield>
         <datafield tag="043" ind1=" " ind2=" ">
            <subfield code="c">XA-DE</subfield>
         </datafield>
         <datafield tag="110" ind1="2" ind2=" ">
            <subfield code="a">Universitätsarchiv</subfield>
            <subfield code="c">Greifswald</subfield>
            <subfield code="g">D-GRua</subfield>
         </datafield>
         <datafield tag="410" ind1="2" ind2=" ">
            <subfield code="a">Ernst-Moritz-Arndt-Universität</subfield>
         </datafield>
         <datafield tag="622" ind1=" " ind2=" ">
            <subfield code="e">Universitätsarchiv, Baderstraße 4/5, 17487 Greifswald, Germany</subfield>
            <subfield code="u">http://www.uni-greifswald.de/informieren/archiv.html</subfield>
         </datafield>
      </record>