
      <record>
         <leader>00000nz  a2200169   4500</leader>
         <controlfield tag="001">30000776</controlfield>
         <controlfield tag="003">RISM</controlfield>
         <controlfield tag="005">20160216</controlfield>
         <controlfield tag="008">160216n||az|||||||##########||||||||||||</controlfield>
         <datafield tag="040" ind1=" " ind2=" ">
            <subfield code="a">D-Gs</subfield>
         </datafield>
         <datafield tag="043" ind1=" " ind2=" ">
            <subfield code="c">XA-DE</subfield>
         </datafield>
         <datafield tag="110" ind1="2" ind2=" ">
            <subfield code="a">Niedersächsische Staats- und Universitätsbibliothek</subfield>
            <subfield code="c">Göttingen</subfield>
            <subfield code="g">D-Gs</subfield>
         </datafield>
         <datafield tag="410" ind1="2" ind2=" ">
            <subfield code="a">früher: Universitätsbibliothek</subfield>
         </datafield>
         <datafield tag="410" ind1="2" ind2=" ">
            <subfield code="a">früher: Königliche Universitätsbibliothek</subfield>
         </datafield>
         <datafield tag="622" ind1=" " ind2=" ">
            <subfield code="e">Niedersächsische Staats- und, Universitätsbibliothek, Platz der Göttinger Sieben 1, 37073 Göttingen, Germany</subfield>
            <subfield code="u">http://www.sub.uni-goettingen.de/</subfield>
         </datafield>
      </record>