
      <record>
         <leader>00000nz  a2200169   4500</leader>
         <controlfield tag="001">30077193</controlfield>
         <controlfield tag="003">RISM</controlfield>
         <controlfield tag="005">20160216</controlfield>
         <controlfield tag="008">160216n||az|||||||##########||||||||||||</controlfield>
         <datafield tag="040" ind1=" " ind2=" ">
            <subfield code="a">D-Gua</subfield>
         </datafield>
         <datafield tag="043" ind1=" " ind2=" ">
            <subfield code="c">XA-DE</subfield>
         </datafield>
         <datafield tag="110" ind1="2" ind2=" ">
            <subfield code="a">Universitätsarchiv</subfield>
            <subfield code="c">Göttingen</subfield>
            <subfield code="g">D-Gua</subfield>
         </datafield>
         <datafield tag="622" ind1=" " ind2=" ">
            <subfield code="e">Universitätsarchiv, Papendiek 14, 37073 Göttingen, Germany</subfield>
            <subfield code="u">http://wwwuser.gwdg.de/~uniarch/</subfield>
         </datafield>
      </record>