
      <record>
         <leader>00000nz  a2200169   4500</leader>
         <controlfield tag="001">30001165</controlfield>
         <controlfield tag="003">RISM</controlfield>
         <controlfield tag="005">20160216</controlfield>
         <controlfield tag="008">160216n||az|||||||##########||||||||||||</controlfield>
         <datafield tag="040" ind1=" " ind2=" ">
            <subfield code="a">D-GUMP</subfield>
         </datafield>
         <datafield tag="043" ind1=" " ind2=" ">
            <subfield code="c">XA-DE</subfield>
         </datafield>
         <datafield tag="110" ind1="2" ind2=" ">
            <subfield code="a">Evangelische Kirchengemeinde Reinstädt, Pfarrarchiv</subfield>
            <subfield code="c">Gumperda</subfield>
            <subfield code="g">D-GUMP</subfield>
         </datafield>
         <datafield tag="622" ind1=" " ind2=" ">
            <subfield code="e">Evangelische Kirchengemeinde Reinstädt,,  Pfarrarchiv, c/o Pfarramt Gumperda, Dorfstr. 36, 07768 Gumperda, Germany</subfield>
            <subfield code="u">http://www.ekmd.de/kirche/kirchenkreise/12.html?expanded=631#631</subfield>
         </datafield>
      </record>