
      <record>
         <leader>00000nz  a2200169   4500</leader>
         <controlfield tag="001">30002763</controlfield>
         <controlfield tag="003">RISM</controlfield>
         <controlfield tag="005">20160216</controlfield>
         <controlfield tag="008">160216n||az|||||||##########||||||||||||</controlfield>
         <datafield tag="040" ind1=" " ind2=" ">
            <subfield code="a">D-GZ</subfield>
         </datafield>
         <datafield tag="043" ind1=" " ind2=" ">
            <subfield code="c">XA-DE</subfield>
         </datafield>
         <datafield tag="110" ind1="2" ind2=" ">
            <subfield code="a">Stadt-und Kreisbibliothek, Musikbibliothek</subfield>
            <subfield code="c">Greiz</subfield>
            <subfield code="g">D-GZ</subfield>
         </datafield>
         <datafield tag="622" ind1=" " ind2=" ">
            <subfield code="e">Stadt-und Kreisbibliothek,,  Musikbibliothek, Kirchplatz 4, 07973 Greiz, Germany</subfield>
            <subfield code="u">https://www.greiz.de/bildung-kultur/bibliothek.html</subfield>
         </datafield>
      </record>