
      <record>
         <leader>00000nz  a2200169   4500</leader>
         <controlfield tag="001">30001166</controlfield>
         <controlfield tag="003">RISM</controlfield>
         <controlfield tag="005">20160216</controlfield>
         <controlfield tag="008">160216n||az|||||||##########||||||||||||</controlfield>
         <datafield tag="040" ind1=" " ind2=" ">
            <subfield code="a">D-GZbk</subfield>
         </datafield>
         <datafield tag="043" ind1=" " ind2=" ">
            <subfield code="c">XA-DE</subfield>
         </datafield>
         <datafield tag="110" ind1="2" ind2=" ">
            <subfield code="a">Staatliche Bücher- und Kupferstichsammlung, Bibliothek</subfield>
            <subfield code="c">Greiz</subfield>
            <subfield code="g">D-GZbk</subfield>
         </datafield>
         <datafield tag="622" ind1=" " ind2=" ">
            <subfield code="e">Staatliche Bücher- und,  Kupferstichsammlung, Bibliothek, Sommerpalais, 07973 Greiz, Germany</subfield>
            <subfield code="u">http://www.sommerpalais-greiz.de/</subfield>
         </datafield>
      </record>