
      <record>
         <leader>00000nz  a2200169   4500</leader>
         <controlfield tag="001">30002901</controlfield>
         <controlfield tag="003">RISM</controlfield>
         <controlfield tag="005">20160216</controlfield>
         <controlfield tag="008">160216n||az|||||||##########||||||||||||</controlfield>
         <datafield tag="040" ind1=" " ind2=" ">
            <subfield code="a">D-GZp</subfield>
         </datafield>
         <datafield tag="043" ind1=" " ind2=" ">
            <subfield code="c">XA-DE</subfield>
         </datafield>
         <datafield tag="110" ind1="2" ind2=" ">
            <subfield code="a">Evangelisch-Lutherische Kirchgemeinde Greiz, Pfarrarchiv der Stadtkirche St. Marien</subfield>
            <subfield code="c">Greiz</subfield>
            <subfield code="g">D-GZp</subfield>
         </datafield>
         <datafield tag="622" ind1=" " ind2=" ">
            <subfield code="e">Evangelisch-Lutherische Kirchgemeinde,  Greiz, Pfarrarchiv der Stadtkirche St.,  Marien, Burgstraße 1, 07973 Greiz, Germany</subfield>
            <subfield code="u">http://www.kirchengemeinde-greiz.de/</subfield>
         </datafield>
      </record>