
      <record>
         <leader>00000nz  a2200169   4500</leader>
         <controlfield tag="001">30001167</controlfield>
         <controlfield tag="003">RISM</controlfield>
         <controlfield tag="005">20160216</controlfield>
         <controlfield tag="008">160216n||az|||||||##########||||||||||||</controlfield>
         <datafield tag="040" ind1=" " ind2=" ">
            <subfield code="a">D-GZsa</subfield>
         </datafield>
         <datafield tag="043" ind1=" " ind2=" ">
            <subfield code="c">XA-DE</subfield>
         </datafield>
         <datafield tag="110" ind1="2" ind2=" ">
            <subfield code="a">Thüringisches Staatsarchiv Greiz</subfield>
            <subfield code="c">Greiz</subfield>
            <subfield code="g">D-GZsa</subfield>
         </datafield>
         <datafield tag="410" ind1="2" ind2=" ">
            <subfield code="a">Thüringisches Staatsarchiv Rudolstadt, Außenstelle Greiz</subfield>
         </datafield>
         <datafield tag="410" ind1="2" ind2=" ">
            <subfield code="a">Landesarchiv - Historisches Staatsarchiv</subfield>
         </datafield>
         <datafield tag="622" ind1=" " ind2=" ">
            <subfield code="e">Thüringisches Staatsarchiv Greiz, Friedhofstraße 1a, 07973 Greiz, Germany</subfield>
            <subfield code="u">http://www.thueringen.de/th1/tsk/kultur/staatsarchive/standorte/greiz/</subfield>
         </datafield>
      </record>