
      <record>
         <leader>00000nz  a2200169   4500</leader>
         <controlfield tag="001">30003792</controlfield>
         <controlfield tag="003">RISM</controlfield>
         <controlfield tag="005">20160216</controlfield>
         <controlfield tag="008">160216n||az|||||||##########||||||||||||</controlfield>
         <datafield tag="040" ind1=" " ind2=" ">
            <subfield code="a">D-HAAp</subfield>
         </datafield>
         <datafield tag="043" ind1=" " ind2=" ">
            <subfield code="c">XA-DE</subfield>
         </datafield>
         <datafield tag="110" ind1="2" ind2=" ">
            <subfield code="a">Sankt-Nikolai-Kirche, Pfarrarchiv</subfield>
            <subfield code="c">Haarhausen (Amt Wachsenburg)</subfield>
            <subfield code="g">D-HAAp</subfield>
         </datafield>
         <datafield tag="410" ind1="2" ind2=" ">
            <subfield code="a">Kirchenbibliothek</subfield>
         </datafield>
         <datafield tag="622" ind1=" " ind2=" ">
            <subfield code="e">Sankt-Nikolai-Kirche, Pfarrarchiv, 99310 Haarhausen (Amt Wachsenburg), Germany</subfield>
            <subfield code="u">http://www.haarhausen.com/sanktnikolauskirche_haarhausen.html</subfield>
         </datafield>
      </record>