
      <record>
         <leader>00000nz  a2200169   4500</leader>
         <controlfield tag="001">30002902</controlfield>
         <controlfield tag="003">RISM</controlfield>
         <controlfield tag="005">20160216</controlfield>
         <controlfield tag="008">160216n||az|||||||##########||||||||||||</controlfield>
         <datafield tag="040" ind1=" " ind2=" ">
            <subfield code="a">D-HAd</subfield>
         </datafield>
         <datafield tag="043" ind1=" " ind2=" ">
            <subfield code="c">XA-DE</subfield>
         </datafield>
         <datafield tag="110" ind1="2" ind2=" ">
            <subfield code="a">Bibliothek der Evangelisch-Reformierten Domgemeinde</subfield>
            <subfield code="c">Halle (Saale)</subfield>
            <subfield code="g">D-HAd</subfield>
         </datafield>
         <datafield tag="622" ind1=" " ind2=" ">
            <subfield code="e">Bibliothek der Evangelisch-Reformierten,  Domgemeinde, Kleine Klausstr. 6, 06108 Halle (Saale), Germany</subfield>
            <subfield code="u">http://www.dom-halle.de/lilac_cms/de/1104,,/Domgemeinde/Gemeinde.html</subfield>
         </datafield>
      </record>