
      <record>
         <leader>00000nz  a2200169   4500</leader>
         <controlfield tag="001">30001168</controlfield>
         <controlfield tag="003">RISM</controlfield>
         <controlfield tag="005">20160216</controlfield>
         <controlfield tag="008">160216n||az|||||||##########||||||||||||</controlfield>
         <datafield tag="040" ind1=" " ind2=" ">
            <subfield code="a">D-HAf</subfield>
         </datafield>
         <datafield tag="043" ind1=" " ind2=" ">
            <subfield code="c">XA-DE</subfield>
         </datafield>
         <datafield tag="110" ind1="2" ind2=" ">
            <subfield code="a">Franckesche Stiftungen - Studienzentrum August Hermann Francke - Archiv und Bibliothek&#xD;
</subfield>
            <subfield code="c">Halle (Saale)</subfield>
            <subfield code="g">D-HAf</subfield>
         </datafield>
         <datafield tag="410" ind1="2" ind2=" ">
            <subfield code="a">Hauptbibliothek und Archiv der Franckeschen Stiftungen</subfield>
         </datafield>
         <datafield tag="622" ind1=" " ind2=" ">
            <subfield code="e">Franckesche Stiftungen - Studienzentrum, August Hermann Francke - Archiv und, Bibliothek&#xD;
, Franckeplatz 1, Haus 24, 06110 Halle (Saale), Germany</subfield>
            <subfield code="u">http://goo.gl/2qkLMs</subfield>
         </datafield>
      </record>