
      <record>
         <leader>00000nz  a2200169   4500</leader>
         <controlfield tag="001">30004153</controlfield>
         <controlfield tag="003">RISM</controlfield>
         <controlfield tag="005">20160216</controlfield>
         <controlfield tag="008">160216n||az|||||||##########||||||||||||</controlfield>
         <datafield tag="040" ind1=" " ind2=" ">
            <subfield code="a">D-HAGm</subfield>
         </datafield>
         <datafield tag="043" ind1=" " ind2=" ">
            <subfield code="c">XA-DE</subfield>
         </datafield>
         <datafield tag="110" ind1="2" ind2=" ">
            <subfield code="a">Stadtbücherei, Musikbücherei</subfield>
            <subfield code="c">Hagen</subfield>
            <subfield code="g">D-HAGm</subfield>
         </datafield>
         <datafield tag="622" ind1=" " ind2=" ">
            <subfield code="e">Stadtbücherei, Musikbücherei, Springe 1, 58095 Hagen, Germany</subfield>
            <subfield code="u">https://goo.gl/eNtqty</subfield>
         </datafield>
      </record>