
      <record>
         <leader>00000nz  a2200169   4500</leader>
         <controlfield tag="001">30006291</controlfield>
         <controlfield tag="003">RISM</controlfield>
         <controlfield tag="005">20160216</controlfield>
         <controlfield tag="008">160216n||az|||||||##########||||||||||||</controlfield>
         <datafield tag="040" ind1=" " ind2=" ">
            <subfield code="a">D-HAGwma</subfield>
         </datafield>
         <datafield tag="043" ind1=" " ind2=" ">
            <subfield code="c">XA-DE</subfield>
         </datafield>
         <datafield tag="110" ind1="2" ind2=" ">
            <subfield code="a">Westfälisches Musikarchiv (WMA)</subfield>
            <subfield code="c">Hagen</subfield>
            <subfield code="g">D-HAGwma</subfield>
         </datafield>
         <datafield tag="622" ind1=" " ind2=" ">
            <subfield code="e">Westfälisches Musikarchiv (WMA), c/o Stadtarchiv, Eilper Str. 71-75, 58091 Hagen, Germany</subfield>
            <subfield code="u">http://www.historisches-centrum.de/index.php?id=135</subfield>
         </datafield>
      </record>