
      <record>
         <leader>00000nz  a2200169   4500</leader>
         <controlfield tag="001">30001169</controlfield>
         <controlfield tag="003">RISM</controlfield>
         <controlfield tag="005">20160216</controlfield>
         <controlfield tag="008">160216n||az|||||||##########||||||||||||</controlfield>
         <datafield tag="040" ind1=" " ind2=" ">
            <subfield code="a">D-HAh</subfield>
         </datafield>
         <datafield tag="043" ind1=" " ind2=" ">
            <subfield code="c">XA-DE</subfield>
         </datafield>
         <datafield tag="110" ind1="2" ind2=" ">
            <subfield code="a">Händel-Haus</subfield>
            <subfield code="c">Halle (Saale)</subfield>
            <subfield code="g">D-HAh</subfield>
         </datafield>
         <datafield tag="622" ind1=" " ind2=" ">
            <subfield code="e">Händel-Haus, Große Nikolaistraße 5, 06108 Halle (Saale), Germany</subfield>
            <subfield code="u">http://www.haendelhaus.de</subfield>
         </datafield>
      </record>