
      <record>
         <leader>00000nz  a2200169   4500</leader>
         <controlfield tag="001">30001173</controlfield>
         <controlfield tag="003">RISM</controlfield>
         <controlfield tag="005">20160216</controlfield>
         <controlfield tag="008">160216n||az|||||||##########||||||||||||</controlfield>
         <datafield tag="040" ind1=" " ind2=" ">
            <subfield code="a">D-HAI</subfield>
         </datafield>
         <datafield tag="043" ind1=" " ind2=" ">
            <subfield code="c">XA-DE</subfield>
         </datafield>
         <datafield tag="110" ind1="2" ind2=" ">
            <subfield code="a">Gellert-Museum</subfield>
            <subfield code="c">Hainichen (Landkreis Mittelsachsen)</subfield>
            <subfield code="g">D-HAI</subfield>
         </datafield>
         <datafield tag="410" ind1="2" ind2=" ">
            <subfield code="a">Heimatmuseum/Gellert-Gedenkstätte</subfield>
         </datafield>
         <datafield tag="410" ind1="2" ind2=" ">
            <subfield code="a">Gellert-Gedenkstätte</subfield>
         </datafield>
         <datafield tag="622" ind1=" " ind2=" ">
            <subfield code="e">Gellert-Museum, Oederaner Str. 10, 09661 Hainichen (Landkreis,  Mittelsachsen), Germany</subfield>
            <subfield code="u">http://www.gellert-museum.de/index1024.php</subfield>
         </datafield>
      </record>