
      <record>
         <leader>00000nz  a2200169   4500</leader>
         <controlfield tag="001">30002903</controlfield>
         <controlfield tag="003">RISM</controlfield>
         <controlfield tag="005">20160216</controlfield>
         <controlfield tag="008">160216n||az|||||||##########||||||||||||</controlfield>
         <datafield tag="040" ind1=" " ind2=" ">
            <subfield code="a">D-HAlau</subfield>
         </datafield>
         <datafield tag="043" ind1=" " ind2=" ">
            <subfield code="c">XA-DE</subfield>
         </datafield>
         <datafield tag="110" ind1="2" ind2=" ">
            <subfield code="a">Evangelische Kirchengemeinde St. Laurentius, Pfarrarchiv</subfield>
            <subfield code="c">Halle (Saale)</subfield>
            <subfield code="g">D-HAlau</subfield>
         </datafield>
         <datafield tag="622" ind1=" " ind2=" ">
            <subfield code="e">Evangelische Kirchengemeinde St.,  Laurentius, Pfarrarchiv, Gemeindebüro, Breite Str. 29, 06108 Halle (Saale), Germany</subfield>
            <subfield code="u">http://www.st-laurentius-halle.de/</subfield>
         </datafield>
      </record>