
      <record>
         <leader>00000nz  a2200169   4500</leader>
         <controlfield tag="001">30000046</controlfield>
         <controlfield tag="003">RISM</controlfield>
         <controlfield tag="005">20160216</controlfield>
         <controlfield tag="008">160216n||az|||||||##########||||||||||||</controlfield>
         <datafield tag="040" ind1=" " ind2=" ">
            <subfield code="a">D-HAmi</subfield>
         </datafield>
         <datafield tag="043" ind1=" " ind2=" ">
            <subfield code="c">XA-DE</subfield>
         </datafield>
         <datafield tag="110" ind1="2" ind2=" ">
            <subfield code="a">Zweigbibliothek Musik der Universitäts- und Landesbibliothek Sachsen-Anhalt</subfield>
            <subfield code="c">Halle (Saale)</subfield>
            <subfield code="g">D-HAmi</subfield>
         </datafield>
         <datafield tag="410" ind1="2" ind2=" ">
            <subfield code="a">Martin-Luther-Universität Halle-Wittenberg, Institut für Musikwissenschaft, Bibliothek</subfield>
         </datafield>
         <datafield tag="580" ind1=" " ind2=" ">
            <subfield code="x">D-HAu</subfield>
            <subfield code="0">30000047</subfield>
         </datafield>
         <datafield tag="622" ind1=" " ind2=" ">
            <subfield code="e">Zweigbibliothek Musik der Universitäts-, und Landesbibliothek Sachsen-Anhalt, Kleine Marktstr. 7, 06108 Halle (Saale), Germany</subfield>
            <subfield code="u">http://bibliothek.uni-halle.de/zweigbib/ha38/</subfield>
         </datafield>
      </record>