
      <record>
         <leader>00000nz  a2200169   4500</leader>
         <controlfield tag="001">30001171</controlfield>
         <controlfield tag="003">RISM</controlfield>
         <controlfield tag="005">20160216</controlfield>
         <controlfield tag="008">160216n||az|||||||##########||||||||||||</controlfield>
         <datafield tag="040" ind1=" " ind2=" ">
            <subfield code="a">D-HAmk</subfield>
         </datafield>
         <datafield tag="043" ind1=" " ind2=" ">
            <subfield code="c">XA-DE</subfield>
         </datafield>
         <datafield tag="110" ind1="2" ind2=" ">
            <subfield code="a">Marienbibliothek</subfield>
            <subfield code="c">Halle (Saale)</subfield>
            <subfield code="g">D-HAmk</subfield>
         </datafield>
         <datafield tag="622" ind1=" " ind2=" ">
            <subfield code="e">Marienbibliothek, An der Marienkirche 1-3, 06108 Halle (Saale), Germany</subfield>
            <subfield code="u">http://www.verein-im-netz.de/marienbibliothek-halle/</subfield>
         </datafield>
      </record>