
      <record>
         <leader>00000nz  a2200169   4500</leader>
         <controlfield tag="001">30002767</controlfield>
         <controlfield tag="003">RISM</controlfield>
         <controlfield tag="005">20160216</controlfield>
         <controlfield tag="008">160216n||az|||||||##########||||||||||||</controlfield>
         <datafield tag="040" ind1=" " ind2=" ">
            <subfield code="a">D-HAN</subfield>
         </datafield>
         <datafield tag="043" ind1=" " ind2=" ">
            <subfield code="c">XA-DE</subfield>
         </datafield>
         <datafield tag="110" ind1="2" ind2=" ">
            <subfield code="a">Hanauer Geschichtsverein 1844 e. V., Bibliothek</subfield>
            <subfield code="c">Hanau</subfield>
            <subfield code="g">D-HAN</subfield>
         </datafield>
         <datafield tag="622" ind1=" " ind2=" ">
            <subfield code="e">Hanauer Geschichtsverein 1844 e. V.,,  Bibliothek, Schlossplatz 2, 63450 Hanau, Germany</subfield>
            <subfield code="u">http://www.hanauer-geschichtsverein.de</subfield>
         </datafield>
      </record>