
      <record>
         <leader>00000nz  a2200169   4500</leader>
         <controlfield tag="001">30077960</controlfield>
         <controlfield tag="003">RISM</controlfield>
         <controlfield tag="005">20160216</controlfield>
         <controlfield tag="008">160216n||az|||||||##########||||||||||||</controlfield>
         <datafield tag="040" ind1=" " ind2=" ">
            <subfield code="a">D-HAsa</subfield>
         </datafield>
         <datafield tag="043" ind1=" " ind2=" ">
            <subfield code="c">XA-DE</subfield>
         </datafield>
         <datafield tag="110" ind1="2" ind2=" ">
            <subfield code="a">Stadtarchiv</subfield>
            <subfield code="c">Halle (Saale)</subfield>
            <subfield code="g">D-HAsa</subfield>
         </datafield>
         <datafield tag="622" ind1=" " ind2=" ">
            <subfield code="e">Stadtarchiv, Rathausstraße 1, 06108 Halle (Saale), Germany</subfield>
            <subfield code="u">http://goo.gl/wNxYSP</subfield>
         </datafield>
      </record>