
      <record>
         <leader>00000nz  a2200169   4500</leader>
         <controlfield tag="001">30000047</controlfield>
         <controlfield tag="003">RISM</controlfield>
         <controlfield tag="005">20160216</controlfield>
         <controlfield tag="008">160216n||az|||||||##########||||||||||||</controlfield>
         <datafield tag="040" ind1=" " ind2=" ">
            <subfield code="a">D-HAu</subfield>
         </datafield>
         <datafield tag="043" ind1=" " ind2=" ">
            <subfield code="c">XA-DE</subfield>
         </datafield>
         <datafield tag="110" ind1="2" ind2=" ">
            <subfield code="a">Universitäts- und Landesbibliothek Sachsen-Anhalt</subfield>
            <subfield code="c">Halle (Saale)</subfield>
            <subfield code="g">D-HAu</subfield>
         </datafield>
         <datafield tag="622" ind1=" " ind2=" ">
            <subfield code="e">Universitäts- und Landesbibliothek, Sachsen-Anhalt, August-Bebel-Straße 13/50, 06108 Halle (Saale), Germany</subfield>
            <subfield code="u">http://bibliothek.uni-halle.de/</subfield>
         </datafield>
      </record>