
      <record>
         <leader>00000nz  a2200169   4500</leader>
         <controlfield tag="001">30078135</controlfield>
         <controlfield tag="003">RISM</controlfield>
         <controlfield tag="005">20160216</controlfield>
         <controlfield tag="008">160216n||az|||||||##########||||||||||||</controlfield>
         <datafield tag="040" ind1=" " ind2=" ">
            <subfield code="a">D-HAua</subfield>
         </datafield>
         <datafield tag="043" ind1=" " ind2=" ">
            <subfield code="c">XA-DE</subfield>
         </datafield>
         <datafield tag="110" ind1="2" ind2=" ">
            <subfield code="a">Martin-Luther-Universität Halle-Wittenberg, Universitätsarchiv</subfield>
            <subfield code="c">Halle (Saale)</subfield>
            <subfield code="g">D-HAua</subfield>
         </datafield>
         <datafield tag="622" ind1=" " ind2=" ">
            <subfield code="e">Martin-Luther-Universität,  Halle-Wittenberg, Universitätsarchiv, Pfännerhöhe 48, 06110 Halle (Saale), Germany</subfield>
            <subfield code="u">http://www.archiv.uni-halle.de/</subfield>
         </datafield>
      </record>