
      <record>
         <leader>00000nz  a2200169   4500</leader>
         <controlfield tag="001">30000787</controlfield>
         <controlfield tag="003">RISM</controlfield>
         <controlfield tag="005">20160216</controlfield>
         <controlfield tag="008">160216n||az|||||||##########||||||||||||</controlfield>
         <datafield tag="040" ind1=" " ind2=" ">
            <subfield code="a">D-Hch</subfield>
         </datafield>
         <datafield tag="043" ind1=" " ind2=" ">
            <subfield code="c">XA-DE</subfield>
         </datafield>
         <datafield tag="110" ind1="2" ind2=" ">
            <subfield code="a">Gymnasium Christianeum, Bibliothek</subfield>
            <subfield code="c">Hamburg</subfield>
            <subfield code="g">D-Hch</subfield>
         </datafield>
         <datafield tag="622" ind1=" " ind2=" ">
            <subfield code="e">Gymnasium Christianeum, Bibliothek, Otto-Ernst-Straße 34, 22605 Hamburg, Germany</subfield>
            <subfield code="u">http://www.christianeum.org/</subfield>
         </datafield>
      </record>