
      <record>
         <leader>00000nz  a2200169   4500</leader>
         <controlfield tag="001">30000797</controlfield>
         <controlfield tag="003">RISM</controlfield>
         <controlfield tag="005">20160216</controlfield>
         <controlfield tag="008">160216n||az|||||||##########||||||||||||</controlfield>
         <datafield tag="040" ind1=" " ind2=" ">
            <subfield code="a">D-HCHs</subfield>
         </datafield>
         <datafield tag="043" ind1=" " ind2=" ">
            <subfield code="c">XA-DE</subfield>
         </datafield>
         <datafield tag="110" ind1="2" ind2=" ">
            <subfield code="a">Pfarrkirche St. Jakobus, Notenarchiv der Pfarrchöre</subfield>
            <subfield code="c">Hechingen</subfield>
            <subfield code="g">D-HCHs</subfield>
         </datafield>
         <datafield tag="410" ind1="2" ind2=" ">
            <subfield code="a">Stiftskirche</subfield>
         </datafield>
         <datafield tag="410" ind1="2" ind2=" ">
            <subfield code="a">Stiftskirche, Bibliothek</subfield>
         </datafield>
         <datafield tag="622" ind1=" " ind2=" ">
            <subfield code="e">Pfarrkirche St. Jakobus, Notenarchiv der,  Pfarrchöre, c/o Kirchengemeinde St. Luzius, Kirchplatz 6, 72379 Hechingen, Germany</subfield>
            <subfield code="u">http://www.sse-luzius.de/</subfield>
         </datafield>
      </record>