
      <record>
         <leader>00000nz  a2200169   4500</leader>
         <controlfield tag="001">30002905</controlfield>
         <controlfield tag="003">RISM</controlfield>
         <controlfield tag="005">20160216</controlfield>
         <controlfield tag="008">160216n||az|||||||##########||||||||||||</controlfield>
         <datafield tag="040" ind1=" " ind2=" ">
            <subfield code="a">D-HDB</subfield>
         </datafield>
         <datafield tag="043" ind1=" " ind2=" ">
            <subfield code="c">XA-DE</subfield>
         </datafield>
         <datafield tag="110" ind1="2" ind2=" ">
            <subfield code="a">Evangelische Kirchengemeinde Heldburg, Pfarrarchiv</subfield>
            <subfield code="c">Bad Colberg-Heldburg</subfield>
            <subfield code="g">D-HDB</subfield>
         </datafield>
         <datafield tag="622" ind1=" " ind2=" ">
            <subfield code="e">Evangelische Kirchengemeinde Heldburg,,  Pfarrarchiv, Pfarramt Heldburg-Ummerstadt, Kirchgasse 161, 98663 Bad Colberg-Heldburg, Germany</subfield>
            <subfield code="u">http://www.ekmd.de/kirche/kirchenkreise/1976.html?expanded=2173#2173</subfield>
         </datafield>
      </record>