
      <record>
         <leader>00000nz  a2200169   4500</leader>
         <controlfield tag="001">30004115</controlfield>
         <controlfield tag="003">RISM</controlfield>
         <controlfield tag="005">20160216</controlfield>
         <controlfield tag="008">160216n||az|||||||##########||||||||||||</controlfield>
         <datafield tag="040" ind1=" " ind2=" ">
            <subfield code="a">D-HEI</subfield>
         </datafield>
         <datafield tag="043" ind1=" " ind2=" ">
            <subfield code="c">XA-DE</subfield>
         </datafield>
         <datafield tag="110" ind1="2" ind2=" ">
            <subfield code="a">Klaus-Groth-Museum</subfield>
            <subfield code="c">Heide</subfield>
            <subfield code="g">D-HEI</subfield>
         </datafield>
         <datafield tag="622" ind1=" " ind2=" ">
            <subfield code="e">Klaus-Groth-Museum, Lüttenheid 48, 25746 Heide, Germany</subfield>
            <subfield code="u">http://www.museen-sh.de/Museum/DE-MUS-153411</subfield>
         </datafield>
      </record>