
      <record>
         <leader>00000nz  a2200169   4500</leader>
         <controlfield tag="001">30000798</controlfield>
         <controlfield tag="003">RISM</controlfield>
         <controlfield tag="005">20160216</controlfield>
         <controlfield tag="008">160216n||az|||||||##########||||||||||||</controlfield>
         <datafield tag="040" ind1=" " ind2=" ">
            <subfield code="a">D-HEk</subfield>
         </datafield>
         <datafield tag="043" ind1=" " ind2=" ">
            <subfield code="c">XA-DE</subfield>
         </datafield>
         <datafield tag="110" ind1="2" ind2=" ">
            <subfield code="a">Hochschule für Kirchenmusik der Evangelischen Landeskirche in Baden, Bibliothek</subfield>
            <subfield code="c">Heidelberg</subfield>
            <subfield code="g">D-HEk</subfield>
         </datafield>
         <datafield tag="410" ind1="2" ind2=" ">
            <subfield code="a">früher: Evangelisches Kirchenmusikalisches Institut</subfield>
         </datafield>
         <datafield tag="622" ind1=" " ind2=" ">
            <subfield code="e">Hochschule für Kirchenmusik der,  Evangelischen Landeskirche in Baden,,  Bibliothek, Hildastr. 8, 69115 Heidelberg, Germany</subfield>
            <subfield code="u">http://www.hfk-heidelberg.de/Hochschule/HFK/index.php?id=7</subfield>
         </datafield>
      </record>