
      <record>
         <leader>00000nz  a2200169   4500</leader>
         <controlfield tag="001">30000048</controlfield>
         <controlfield tag="003">RISM</controlfield>
         <controlfield tag="005">20160216</controlfield>
         <controlfield tag="008">160216n||az|||||||##########||||||||||||</controlfield>
         <datafield tag="040" ind1=" " ind2=" ">
            <subfield code="a">D-HER</subfield>
         </datafield>
         <datafield tag="043" ind1=" " ind2=" ">
            <subfield code="c">XA-DE</subfield>
         </datafield>
         <datafield tag="110" ind1="2" ind2=" ">
            <subfield code="a">Unitätsarchiv der Evangelischen Brüder-Unität</subfield>
            <subfield code="c">Herrnhut</subfield>
            <subfield code="g">D-HER</subfield>
         </datafield>
         <datafield tag="622" ind1=" " ind2=" ">
            <subfield code="e">Unitätsarchiv der Evangelischen Brüder, -Unität, Zittauer Str. 24, 02747 Herrnhut, Germany</subfield>
            <subfield code="u">http://www.archiv.ebu.de/</subfield>
         </datafield>
      </record>