
      <record>
         <leader>00000nz  a2200169   4500</leader>
         <controlfield tag="001">30002769</controlfield>
         <controlfield tag="003">RISM</controlfield>
         <controlfield tag="005">20160216</controlfield>
         <controlfield tag="008">160216n||az|||||||##########||||||||||||</controlfield>
         <datafield tag="040" ind1=" " ind2=" ">
            <subfield code="a">D-HEth</subfield>
         </datafield>
         <datafield tag="043" ind1=" " ind2=" ">
            <subfield code="c">XA-DE</subfield>
         </datafield>
         <datafield tag="110" ind1="2" ind2=" ">
            <subfield code="a">Ehemaliges Praktisch-Theologisches Seminar, Bibliothek</subfield>
            <subfield code="c">Heidelberg</subfield>
            <subfield code="g">D-HEth</subfield>
         </datafield>
         <datafield tag="622" ind1=" " ind2=" ">
            <subfield code="e">Ehemaliges Praktisch-Theologisches,  Seminar, Bibliothek, Karlstraße 16, 69117 Heidelberg, Germany</subfield>
            <subfield code="u">http://www.theologie.uni-heidelberg.de/kontakt.html</subfield>
         </datafield>
      </record>