
      <record>
         <leader>00000nz  a2200169   4500</leader>
         <controlfield tag="001">30001178</controlfield>
         <controlfield tag="003">RISM</controlfield>
         <controlfield tag="005">20160216</controlfield>
         <controlfield tag="008">160216n||az|||||||##########||||||||||||</controlfield>
         <datafield tag="040" ind1=" " ind2=" ">
            <subfield code="a">D-HGd</subfield>
         </datafield>
         <datafield tag="043" ind1=" " ind2=" ">
            <subfield code="c">XA-DE</subfield>
         </datafield>
         <datafield tag="110" ind1="2" ind2=" ">
            <subfield code="a">Dombibliothek</subfield>
            <subfield code="c">Havelberg</subfield>
            <subfield code="g">D-HGd</subfield>
         </datafield>
         <datafield tag="622" ind1=" " ind2=" ">
            <subfield code="e">Dombibliothek, Ev. St.-Marien-St.-Laurentius-Gemeinde, Propsteiplatz 1, 39539 Havelberg, Germany</subfield>
            <subfield code="u">http://havelberg-dom.de/</subfield>
         </datafield>
      </record>