
      <record>
         <leader>00000nz  a2200169   4500</leader>
         <controlfield tag="001">30001177</controlfield>
         <controlfield tag="003">RISM</controlfield>
         <controlfield tag="005">20160216</controlfield>
         <controlfield tag="008">160216n||az|||||||##########||||||||||||</controlfield>
         <datafield tag="040" ind1=" " ind2=" ">
            <subfield code="a">D-HGm</subfield>
         </datafield>
         <datafield tag="043" ind1=" " ind2=" ">
            <subfield code="c">XA-DE</subfield>
         </datafield>
         <datafield tag="110" ind1="2" ind2=" ">
            <subfield code="a">Prignitz-Museum, Bibliothek</subfield>
            <subfield code="c">Havelberg</subfield>
            <subfield code="g">D-HGm</subfield>
         </datafield>
         <datafield tag="622" ind1=" " ind2=" ">
            <subfield code="e">Prignitz-Museum, Bibliothek, Domplatz 3, 39539 Havelberg, Germany</subfield>
            <subfield code="u">http://www.prignitz-museum.de/</subfield>
         </datafield>
      </record>