
      <record>
         <leader>00000nz  a2200169   4500</leader>
         <controlfield tag="001">30002857</controlfield>
         <controlfield tag="003">RISM</controlfield>
         <controlfield tag="005">20160216</controlfield>
         <controlfield tag="008">160216n||az|||||||##########||||||||||||</controlfield>
         <datafield tag="040" ind1=" " ind2=" ">
            <subfield code="a">D-HH</subfield>
         </datafield>
         <datafield tag="043" ind1=" " ind2=" ">
            <subfield code="c">XA-DE</subfield>
         </datafield>
         <datafield tag="110" ind1="2" ind2=" ">
            <subfield code="a">Stadtmuseum</subfield>
            <subfield code="c">Hildburghausen</subfield>
            <subfield code="g">D-HH</subfield>
         </datafield>
         <datafield tag="622" ind1=" " ind2=" ">
            <subfield code="e">Stadtmuseum, Apothekergasse 11, 98646 Hildburghausen, Germany</subfield>
            <subfield code="u">http://museum-hildburghausen.de/</subfield>
         </datafield>
      </record>