
      <record>
         <leader>00000nz  a2200169   4500</leader>
         <controlfield tag="001">30006044</controlfield>
         <controlfield tag="003">RISM</controlfield>
         <controlfield tag="005">20160216</controlfield>
         <controlfield tag="008">160216n||az|||||||##########||||||||||||</controlfield>
         <datafield tag="040" ind1=" " ind2=" ">
            <subfield code="a">D-Hhg</subfield>
         </datafield>
         <datafield tag="043" ind1=" " ind2=" ">
            <subfield code="c">XA-DE</subfield>
         </datafield>
         <datafield tag="110" ind1="2" ind2=" ">
            <subfield code="a">Hasse-Gesellschaft Bergedorf e. V. - Hasse-Archiv</subfield>
            <subfield code="c">Hamburg</subfield>
            <subfield code="g">D-Hhg</subfield>
         </datafield>
         <datafield tag="622" ind1=" " ind2=" ">
            <subfield code="e">Hasse-Gesellschaft Bergedorf e. V. -,  Hasse-Archiv, Johann-Adolf-Hasse-Platz 1, 21029 Hamburg, Germany</subfield>
            <subfield code="u">http://www.hasse-gesellschaft-bergedorf.de/index.html</subfield>
         </datafield>
      </record>