
      <record>
         <leader>00000nz  a2200169   4500</leader>
         <controlfield tag="001">30000788</controlfield>
         <controlfield tag="003">RISM</controlfield>
         <controlfield tag="005">20160216</controlfield>
         <controlfield tag="008">160216n||az|||||||##########||||||||||||</controlfield>
         <datafield tag="040" ind1=" " ind2=" ">
            <subfield code="a">D-Hhm</subfield>
         </datafield>
         <datafield tag="043" ind1=" " ind2=" ">
            <subfield code="c">XA-DE</subfield>
         </datafield>
         <datafield tag="110" ind1="2" ind2=" ">
            <subfield code="a">Archäologisches Museum Hamburg - Stadtmuseum Harburg / Helms-Museum</subfield>
            <subfield code="c">Hamburg</subfield>
            <subfield code="g">D-Hhm</subfield>
         </datafield>
         <datafield tag="622" ind1=" " ind2=" ">
            <subfield code="e">Archäologisches Museum Hamburg -,  Stadtmuseum Harburg / Helms-Museum, Museumsplatz 2, 21073 Hamburg, Germany</subfield>
            <subfield code="u">http://www.amh.de/</subfield>
         </datafield>
      </record>