
      <record>
         <leader>00000nz  a2200169   4500</leader>
         <controlfield tag="001">30077755</controlfield>
         <controlfield tag="003">RISM</controlfield>
         <controlfield tag="005">20160216</controlfield>
         <controlfield tag="008">160216n||az|||||||##########||||||||||||</controlfield>
         <datafield tag="040" ind1=" " ind2=" ">
            <subfield code="a">D-HILekm</subfield>
         </datafield>
         <datafield tag="043" ind1=" " ind2=" ">
            <subfield code="c">XA-DE</subfield>
         </datafield>
         <datafield tag="110" ind1="2" ind2=" ">
            <subfield code="a">Evangelische Kirchengemeinde Müsen</subfield>
            <subfield code="c">Hilchenbach</subfield>
            <subfield code="g">D-HILekm</subfield>
         </datafield>
         <datafield tag="622" ind1=" " ind2=" ">
            <subfield code="e">Evangelische Kirchengemeinde Müsen, Ernst-August-Platz 3, 57271 Hilchenbach, Germany</subfield>
            <subfield code="u">http://muesen.kirchenkreis-siegen.de/</subfield>
         </datafield>
      </record>