
      <record>
         <leader>00000nz  a2200169   4500</leader>
         <controlfield tag="001">30000802</controlfield>
         <controlfield tag="003">RISM</controlfield>
         <controlfield tag="005">20160216</controlfield>
         <controlfield tag="008">160216n||az|||||||##########||||||||||||</controlfield>
         <datafield tag="040" ind1=" " ind2=" ">
            <subfield code="a">D-HIm</subfield>
         </datafield>
         <datafield tag="043" ind1=" " ind2=" ">
            <subfield code="c">XA-DE</subfield>
         </datafield>
         <datafield tag="110" ind1="2" ind2=" ">
            <subfield code="a">Katholisches Pfarramt St. Michael</subfield>
            <subfield code="c">Hildesheim</subfield>
            <subfield code="g">D-HIm</subfield>
         </datafield>
         <datafield tag="622" ind1=" " ind2=" ">
            <subfield code="e">Katholisches Pfarramt St. Michael, Klingenbergstraße 36, 31139 Hildesheim, Germany</subfield>
            <subfield code="u">http://www.mauritius-michael.de/index.php?page=home</subfield>
         </datafield>
      </record>