
      <record>
         <leader>00000nz  a2200169   4500</leader>
         <controlfield tag="001">30000803</controlfield>
         <controlfield tag="003">RISM</controlfield>
         <controlfield tag="005">20160216</controlfield>
         <controlfield tag="008">160216n||az|||||||##########||||||||||||</controlfield>
         <datafield tag="040" ind1=" " ind2=" ">
            <subfield code="a">D-HIp</subfield>
         </datafield>
         <datafield tag="043" ind1=" " ind2=" ">
            <subfield code="c">XA-DE</subfield>
         </datafield>
         <datafield tag="110" ind1="2" ind2=" ">
            <subfield code="a">Bischöfliches Priesterseminar, Bibliothek</subfield>
            <subfield code="c">Hildesheim</subfield>
            <subfield code="g">D-HIp</subfield>
         </datafield>
         <datafield tag="622" ind1=" " ind2=" ">
            <subfield code="e">Bischöfliches Priesterseminar,,  Bibliothek, Brühl 16, 31134 Hildesheim, Germany</subfield>
         </datafield>
      </record>