
      <record>
         <leader>00000nz  a2200169   4500</leader>
         <controlfield tag="001">30000789</controlfield>
         <controlfield tag="003">RISM</controlfield>
         <controlfield tag="005">20160216</controlfield>
         <controlfield tag="008">160216n||az|||||||##########||||||||||||</controlfield>
         <datafield tag="040" ind1=" " ind2=" ">
            <subfield code="a">D-Hj</subfield>
         </datafield>
         <datafield tag="043" ind1=" " ind2=" ">
            <subfield code="c">XA-DE</subfield>
         </datafield>
         <datafield tag="110" ind1="2" ind2=" ">
            <subfield code="a">Gelehrtenschule des Johanneum, Hauptbibliothek</subfield>
            <subfield code="c">Hamburg</subfield>
            <subfield code="g">D-Hj</subfield>
         </datafield>
         <datafield tag="410" ind1="2" ind2=" ">
            <subfield code="a">Bibliotheca Johannei</subfield>
         </datafield>
         <datafield tag="622" ind1=" " ind2=" ">
            <subfield code="e">Gelehrtenschule des Johanneum,, Hauptbibliothek, Maria-Louisen-Straße 114, 22301 Hamburg, Germany</subfield>
            <subfield code="u">http://www.johanneum-hamburg.de/</subfield>
         </datafield>
      </record>