
      <record>
         <leader>00000nz  a2200169   4500</leader>
         <controlfield tag="001">30000790</controlfield>
         <controlfield tag="003">RISM</controlfield>
         <controlfield tag="005">20160216</controlfield>
         <controlfield tag="008">160216n||az|||||||##########||||||||||||</controlfield>
         <datafield tag="040" ind1=" " ind2=" ">
            <subfield code="a">D-Hkm</subfield>
         </datafield>
         <datafield tag="043" ind1=" " ind2=" ">
            <subfield code="c">XA-DE</subfield>
         </datafield>
         <datafield tag="110" ind1="2" ind2=" ">
            <subfield code="a">Museum für Kunst und Gewerbe, Gerd Bucerius Bibliothek</subfield>
            <subfield code="c">Hamburg</subfield>
            <subfield code="g">D-Hkm</subfield>
         </datafield>
         <datafield tag="410" ind1="2" ind2=" ">
            <subfield code="a">Kunstgewerbemuseum, Bibliothek</subfield>
         </datafield>
         <datafield tag="622" ind1=" " ind2=" ">
            <subfield code="e">Museum für Kunst und Gewerbe, Gerd,  Bucerius Bibliothek, Steintorplatz, 20099 Hamburg, Germany</subfield>
            <subfield code="u">http://www.mkg-hamburg.de</subfield>
         </datafield>
      </record>