
      <record>
         <leader>00000nz  a2200169   4500</leader>
         <controlfield tag="001">30000805</controlfield>
         <controlfield tag="003">RISM</controlfield>
         <controlfield tag="005">20160216</controlfield>
         <controlfield tag="008">160216n||az|||||||##########||||||||||||</controlfield>
         <datafield tag="040" ind1=" " ind2=" ">
            <subfield code="a">D-HL</subfield>
         </datafield>
         <datafield tag="043" ind1=" " ind2=" ">
            <subfield code="c">XA-DE</subfield>
         </datafield>
         <datafield tag="110" ind1="2" ind2=" ">
            <subfield code="a">Fürst zu Hohenlohe-Jagstbergsche Bibliothek</subfield>
            <subfield code="c">Haltenbergstetten</subfield>
            <subfield code="g">D-HL</subfield>
         </datafield>
         <datafield tag="410" ind1="2" ind2=" ">
            <subfield code="a">Schloss über Niederstetten, Baden-Württemberg</subfield>
         </datafield>
         <datafield tag="580" ind1=" " ind2=" ">
            <subfield code="x">D-Mbs</subfield>
            <subfield code="0">30000882</subfield>
         </datafield>
         <datafield tag="710" ind1="2" ind2=" ">
            <subfield code="a">Schloss</subfield>
            <subfield code="0">30027486</subfield>
         </datafield>
      </record>