
      <record>
         <leader>00000nz  a2200169   4500</leader>
         <controlfield tag="001">30004154</controlfield>
         <controlfield tag="003">RISM</controlfield>
         <controlfield tag="005">20160216</controlfield>
         <controlfield tag="008">160216n||az|||||||##########||||||||||||</controlfield>
         <datafield tag="040" ind1=" " ind2=" ">
            <subfield code="a">D-HLNp</subfield>
         </datafield>
         <datafield tag="043" ind1=" " ind2=" ">
            <subfield code="c">XA-DE</subfield>
         </datafield>
         <datafield tag="110" ind1="2" ind2=" ">
            <subfield code="a">Stadtbücherei in der Pfortmühle, Musikabteilung</subfield>
            <subfield code="c">Hameln</subfield>
            <subfield code="g">D-HLNp</subfield>
         </datafield>
         <datafield tag="622" ind1=" " ind2=" ">
            <subfield code="e">Stadtbücherei in der Pfortmühle,,  Musikabteilung, Sudetenstr. 1, 31785 Hameln, Germany</subfield>
            <subfield code="u">http://www.hameln.de/kultur/kultur/buecherei/index.htm</subfield>
         </datafield>
      </record>