
      <record>
         <leader>00000nz  a2200169   4500</leader>
         <controlfield tag="001">30002766</controlfield>
         <controlfield tag="003">RISM</controlfield>
         <controlfield tag="005">20160216</controlfield>
         <controlfield tag="008">160216n||az|||||||##########||||||||||||</controlfield>
         <datafield tag="040" ind1=" " ind2=" ">
            <subfield code="a">D-Hls</subfield>
         </datafield>
         <datafield tag="043" ind1=" " ind2=" ">
            <subfield code="c">XA-DE</subfield>
         </datafield>
         <datafield tag="110" ind1="2" ind2=" ">
            <subfield code="a">Universität Hamburg, Institut für Germanistik</subfield>
            <subfield code="c">Hamburg</subfield>
            <subfield code="g">D-Hls</subfield>
         </datafield>
         <datafield tag="410" ind1="2" ind2=" ">
            <subfield code="a">Literaturwissenschaftliches Seminar der Universität</subfield>
         </datafield>
         <datafield tag="622" ind1=" " ind2=" ">
            <subfield code="e">Universität Hamburg, Institut für,  Germanistik, Von-Melle-Park 6, 20146 Hamburg, Germany</subfield>
            <subfield code="u">https://www.slm.uni-hamburg.de/germanistik.html</subfield>
         </datafield>
      </record>