
      <record>
         <leader>00000nz  a2200169   4500</leader>
         <controlfield tag="001">30000791</controlfield>
         <controlfield tag="003">RISM</controlfield>
         <controlfield tag="005">20160216</controlfield>
         <controlfield tag="008">160216n||az|||||||##########||||||||||||</controlfield>
         <datafield tag="040" ind1=" " ind2=" ">
            <subfield code="a">D-Hmb</subfield>
         </datafield>
         <datafield tag="043" ind1=" " ind2=" ">
            <subfield code="c">XA-DE</subfield>
         </datafield>
         <datafield tag="110" ind1="2" ind2=" ">
            <subfield code="a">Bücherhallen Hamburg, Zentralbibliothek, Abteilung Musik &amp; Tanz</subfield>
            <subfield code="c">Hamburg</subfield>
            <subfield code="g">D-Hmb</subfield>
         </datafield>
         <datafield tag="410" ind1="2" ind2=" ">
            <subfield code="a">Musikbücherei der Hamburger Öffentlichen Bücherhallen</subfield>
         </datafield>
         <datafield tag="622" ind1=" " ind2=" ">
            <subfield code="e">Bücherhallen Hamburg, Zentralbibliothek,,  Abteilung Musik &amp; Tanz, Hühnerposten 1, 20097 Hamburg, Germany</subfield>
            <subfield code="u">http://www.buecherhallen.de</subfield>
         </datafield>
      </record>