
      <record>
         <leader>00000nz  a2200169   4500</leader>
         <controlfield tag="001">30000792</controlfield>
         <controlfield tag="003">RISM</controlfield>
         <controlfield tag="005">20160216</controlfield>
         <controlfield tag="008">160216n||az|||||||##########||||||||||||</controlfield>
         <datafield tag="040" ind1=" " ind2=" ">
            <subfield code="a">D-Hmg</subfield>
         </datafield>
         <datafield tag="043" ind1=" " ind2=" ">
            <subfield code="c">XA-DE</subfield>
         </datafield>
         <datafield tag="110" ind1="2" ind2=" ">
            <subfield code="a">Hamburg Museum</subfield>
            <subfield code="c">Hamburg</subfield>
            <subfield code="g">D-Hmg</subfield>
         </datafield>
         <datafield tag="410" ind1="2" ind2=" ">
            <subfield code="a">Museum für Hamburgische Geschichte</subfield>
         </datafield>
         <datafield tag="622" ind1=" " ind2=" ">
            <subfield code="e">Hamburg Museum, Holstenwall 24, 20355 Hamburg, Germany</subfield>
            <subfield code="u">http://www.hamburgmuseum.de</subfield>
         </datafield>
         <datafield tag="710" ind1="2" ind2=" ">
            <subfield code="a">Museum für Bergedorf und die Vierlande, Bibliothek</subfield>
            <subfield code="0">30026126</subfield>
         </datafield>
      </record>