
      <record>
         <leader>00000nz  a2200169   4500</leader>
         <controlfield tag="001">30000793</controlfield>
         <controlfield tag="003">RISM</controlfield>
         <controlfield tag="005">20160216</controlfield>
         <controlfield tag="008">160216n||az|||||||##########||||||||||||</controlfield>
         <datafield tag="040" ind1=" " ind2=" ">
            <subfield code="a">D-Hmi</subfield>
         </datafield>
         <datafield tag="043" ind1=" " ind2=" ">
            <subfield code="c">XA-DE</subfield>
         </datafield>
         <datafield tag="110" ind1="2" ind2=" ">
            <subfield code="a">Musikwissenschaftliches Institut der Universität</subfield>
            <subfield code="c">Hamburg</subfield>
            <subfield code="g">D-Hmi</subfield>
         </datafield>
         <datafield tag="622" ind1=" " ind2=" ">
            <subfield code="e">Musikwissenschaftliches Institut der,  Universität, Neue Rabenstr. 13, 20354 Hamburg, Germany</subfield>
            <subfield code="u">https://www.fbkultur.uni-hamburg.de/hm.html</subfield>
         </datafield>
      </record>