
      <record>
         <leader>00000nz  a2200169   4500</leader>
         <controlfield tag="001">30000808</controlfield>
         <controlfield tag="003">RISM</controlfield>
         <controlfield tag="005">20160216</controlfield>
         <controlfield tag="008">160216n||az|||||||##########||||||||||||</controlfield>
         <datafield tag="040" ind1=" " ind2=" ">
            <subfield code="a">D-HN</subfield>
         </datafield>
         <datafield tag="043" ind1=" " ind2=" ">
            <subfield code="c">XA-DE</subfield>
         </datafield>
         <datafield tag="110" ind1="2" ind2=" ">
            <subfield code="a">Theologisches Seminar der Evangelischen Kirche in Hessen und Nassau, Bibliothek</subfield>
            <subfield code="c">Herborn (Hessen)</subfield>
            <subfield code="g">D-HN</subfield>
         </datafield>
         <datafield tag="622" ind1=" " ind2=" ">
            <subfield code="e">Theologisches Seminar der Evangelischen,  Kirche in Hessen und Nassau, Bibliothek, Schloss, Kirchberg 11, 35745 Herborn (Hessen), Germany</subfield>
            <subfield code="u">http://www.theologisches-seminar-herborn.de/</subfield>
         </datafield>
      </record>