
      <record>
         <leader>00000nz  a2200169   4500</leader>
         <controlfield tag="001">30061566</controlfield>
         <controlfield tag="003">RISM</controlfield>
         <controlfield tag="005">20160216</controlfield>
         <controlfield tag="008">160216n||az|||||||##########||||||||||||</controlfield>
         <datafield tag="040" ind1=" " ind2=" ">
            <subfield code="a">D-Hnekb</subfield>
         </datafield>
         <datafield tag="043" ind1=" " ind2=" ">
            <subfield code="c">XA-DE</subfield>
         </datafield>
         <datafield tag="110" ind1="2" ind2=" ">
            <subfield code="a">Nordkirchenbibliothek, Abteilung Kirchenmusik</subfield>
            <subfield code="c">Hamburg</subfield>
            <subfield code="g">D-Hnekb</subfield>
         </datafield>
         <datafield tag="410" ind1="2" ind2=" ">
            <subfield code="a">Nordelbische Kirchenmusikbibliothek</subfield>
         </datafield>
         <datafield tag="622" ind1=" " ind2=" ">
            <subfield code="e">Nordkirchenbibliothek, Abteilung,  Kirchenmusik, Bibliotheks- und Medienzentrum der,  Nordkirche, Königstr. 54, 22767 Hamburg, Germany</subfield>
            <subfield code="u">http://nkb.nordkirche.de/kirchenmusik.html</subfield>
         </datafield>
      </record>