
      <record>
         <leader>00000nz  a2200169   4500</leader>
         <controlfield tag="001">30000809</controlfield>
         <controlfield tag="003">RISM</controlfield>
         <controlfield tag="005">20160216</controlfield>
         <controlfield tag="008">160216n||az|||||||##########||||||||||||</controlfield>
         <datafield tag="040" ind1=" " ind2=" ">
            <subfield code="a">D-HO</subfield>
         </datafield>
         <datafield tag="043" ind1=" " ind2=" ">
            <subfield code="c">XA-DE</subfield>
         </datafield>
         <datafield tag="110" ind1="2" ind2=" ">
            <subfield code="a">Jean-Paul-Gymnasium, Bibliothek</subfield>
            <subfield code="c">Hof an der Saale</subfield>
            <subfield code="g">D-HO</subfield>
         </datafield>
         <datafield tag="622" ind1=" " ind2=" ">
            <subfield code="e">Jean-Paul-Gymnasium, Bibliothek, Gymnasiumsplatz 4-6, 95028 Hof an der Saale, Germany</subfield>
            <subfield code="u">http://bibliothek.jean-paul-gymnasium.de/</subfield>
         </datafield>
      </record>