
      <record>
         <leader>00000nz  a2200169   4500</leader>
         <controlfield tag="001">30001180</controlfield>
         <controlfield tag="003">RISM</controlfield>
         <controlfield tag="005">20160216</controlfield>
         <controlfield tag="008">160216n||az|||||||##########||||||||||||</controlfield>
         <datafield tag="040" ind1=" " ind2=" ">
            <subfield code="a">D-HOE</subfield>
         </datafield>
         <datafield tag="043" ind1=" " ind2=" ">
            <subfield code="c">XA-DE</subfield>
         </datafield>
         <datafield tag="110" ind1="2" ind2=" ">
            <subfield code="a">Evangelisch-Lutherische St.-Christophori-Kirchgemeinde, Kantoreiarchiv</subfield>
            <subfield code="c">Hohenstein-Ernstthal</subfield>
            <subfield code="g">D-HOE</subfield>
         </datafield>
         <datafield tag="622" ind1=" " ind2=" ">
            <subfield code="e">Evangelisch-Lutherische,  St.-Christophori-Kirchgemeinde,,  Kantoreiarchiv, Hinrich-Wichern-Straße 4, 09337 Hohenstein-Ernstthal, Germany</subfield>
            <subfield code="u">http://www.christophori.de/</subfield>
         </datafield>
      </record>