
      <record>
         <leader>00000nz  a2200169   4500</leader>
         <controlfield tag="001">30000811</controlfield>
         <controlfield tag="003">RISM</controlfield>
         <controlfield tag="005">20160216</controlfield>
         <controlfield tag="008">160216n||az|||||||##########||||||||||||</controlfield>
         <datafield tag="040" ind1=" " ind2=" ">
            <subfield code="a">D-HOG</subfield>
         </datafield>
         <datafield tag="043" ind1=" " ind2=" ">
            <subfield code="c">XA-DE</subfield>
         </datafield>
         <datafield tag="110" ind1="2" ind2=" ">
            <subfield code="a">Predigerseminar der Evangelischen Kirche von Kurhessen-Waldeck, Bibliothek</subfield>
            <subfield code="c">Hofgeismar</subfield>
            <subfield code="g">D-HOG</subfield>
         </datafield>
         <datafield tag="622" ind1=" " ind2=" ">
            <subfield code="e">Predigerseminar der Evangelischen Kirche,  von Kurhessen-Waldeck, Bibliothek, Gesundbrunnen 10, 34369 Hofgeismar, Germany</subfield>
            <subfield code="u">http://www.predigerseminar-hofgeismar.de/allgemein/bibliothek.html</subfield>
         </datafield>
      </record>