
      <record>
         <leader>00000nz  a2200169   4500</leader>
         <controlfield tag="001">30002908</controlfield>
         <controlfield tag="003">RISM</controlfield>
         <controlfield tag="005">20160216</controlfield>
         <controlfield tag="008">160216n||az|||||||##########||||||||||||</controlfield>
         <datafield tag="040" ind1=" " ind2=" ">
            <subfield code="a">D-HOL</subfield>
         </datafield>
         <datafield tag="043" ind1=" " ind2=" ">
            <subfield code="c">XA-DE</subfield>
         </datafield>
         <datafield tag="110" ind1="2" ind2=" ">
            <subfield code="a">Archiv des Evangelischen Pfarramtes</subfield>
            <subfield code="c">Holleben (Teutschenthal)</subfield>
            <subfield code="g">D-HOL</subfield>
         </datafield>
         <datafield tag="622" ind1=" " ind2=" ">
            <subfield code="e">Archiv des Evangelischen Pfarramtes, Karl-Marx-Str. 3, 06179 Holleben (Teutschenthal), Germany</subfield>
         </datafield>
      </record>