
      <record>
         <leader>00000nz  a2200169   4500</leader>
         <controlfield tag="001">30001181</controlfield>
         <controlfield tag="003">RISM</controlfield>
         <controlfield tag="005">20160216</controlfield>
         <controlfield tag="008">160216n||az|||||||##########||||||||||||</controlfield>
         <datafield tag="040" ind1=" " ind2=" ">
            <subfield code="a">D-HOP</subfield>
         </datafield>
         <datafield tag="043" ind1=" " ind2=" ">
            <subfield code="c">XA-DE</subfield>
         </datafield>
         <datafield tag="110" ind1="2" ind2=" ">
            <subfield code="a">Evangelische Kirchengemeinde Hopfgarten, Pfarrarchiv</subfield>
            <subfield code="c">Hopfgarten (Thüringen)</subfield>
            <subfield code="g">D-HOP</subfield>
         </datafield>
         <datafield tag="622" ind1=" " ind2=" ">
            <subfield code="e">Evangelische Kirchengemeinde Hopfgarten,,  Pfarrarchiv, c/o Pfarramt Niederzimmern, Auf dem Sand 23, 99428 Niederzimmern, Germany</subfield>
            <subfield code="u">http://www.ekmd.de/kirche/kirchenkreise/597.html?expanded=829#829</subfield>
         </datafield>
      </record>