
      <record>
         <leader>00000nz  a2200169   4500</leader>
         <controlfield tag="001">30000812</controlfield>
         <controlfield tag="003">RISM</controlfield>
         <controlfield tag="005">20160216</controlfield>
         <controlfield tag="008">160216n||az|||||||##########||||||||||||</controlfield>
         <datafield tag="040" ind1=" " ind2=" ">
            <subfield code="a">D-HOR</subfield>
         </datafield>
         <datafield tag="043" ind1=" " ind2=" ">
            <subfield code="c">XA-DE</subfield>
         </datafield>
         <datafield tag="110" ind1="2" ind2=" ">
            <subfield code="a">Evangelisch-Lutherisches Pfarramt</subfield>
            <subfield code="c">Horst (Garbsen)</subfield>
            <subfield code="g">D-HOR</subfield>
         </datafield>
         <datafield tag="622" ind1=" " ind2=" ">
            <subfield code="e">Evangelisch-Lutherisches Pfarramt, c/o Kirchengemeinde,  Frielingen-Horst-Meyenfeld, Andreaestraße 9, 30826 Horst (Garbsen), Germany</subfield>
            <subfield code="u">http://www.kirchengemeinde-frielingen-horst-meyenfeld.de/index.php</subfield>
         </datafield>
      </record>