
      <record>
         <leader>00000nz  a2200169   4500</leader>
         <controlfield tag="001">30000126</controlfield>
         <controlfield tag="003">RISM</controlfield>
         <controlfield tag="005">20160216</controlfield>
         <controlfield tag="008">160216n||az|||||||##########||||||||||||</controlfield>
         <datafield tag="040" ind1=" " ind2=" ">
            <subfield code="a">D-HRD</subfield>
         </datafield>
         <datafield tag="043" ind1=" " ind2=" ">
            <subfield code="c">XA-DE</subfield>
         </datafield>
         <datafield tag="110" ind1="2" ind2=" ">
            <subfield code="a">Jagdschloss Herdringen, Bibliotheca Fürstenbergiana</subfield>
            <subfield code="c">Arnsberg-Herdringen</subfield>
            <subfield code="g">D-HRD</subfield>
         </datafield>
         <datafield tag="622" ind1=" " ind2=" ">
            <subfield code="e">Jagdschloss Herdringen, Bibliotheca,  Fürstenbergiana, Zum Herdringer Schloss 7, 59757 Arnsberg-Herdringen, Germany</subfield>
            <subfield code="u">http://www.schloss-herdringen.de/</subfield>
         </datafield>
      </record>