
      <record>
         <leader>00000nz  a2200169   4500</leader>
         <controlfield tag="001">30004155</controlfield>
         <controlfield tag="003">RISM</controlfield>
         <controlfield tag="005">20160216</controlfield>
         <controlfield tag="008">160216n||az|||||||##########||||||||||||</controlfield>
         <datafield tag="040" ind1=" " ind2=" ">
            <subfield code="a">D-HRN</subfield>
         </datafield>
         <datafield tag="043" ind1=" " ind2=" ">
            <subfield code="c">XA-DE</subfield>
         </datafield>
         <datafield tag="110" ind1="2" ind2=" ">
            <subfield code="a">Stadtbibliothek</subfield>
            <subfield code="c">Herne</subfield>
            <subfield code="g">D-HRN</subfield>
         </datafield>
         <datafield tag="410" ind1="2" ind2=" ">
            <subfield code="a">Stadtbücherei, Musikabteilung</subfield>
         </datafield>
         <datafield tag="622" ind1=" " ind2=" ">
            <subfield code="e">Stadtbibliothek, Kulturzentrum, Willi-Pohlmann-Platz 1, 44623 Herne, Germany</subfield>
            <subfield code="u">http://www.stadtbibliothek.herne.de/</subfield>
         </datafield>
      </record>