
      <record>
         <leader>00000nz  a2200169   4500</leader>
         <controlfield tag="001">30000225</controlfield>
         <controlfield tag="003">RISM</controlfield>
         <controlfield tag="005">20160216</controlfield>
         <controlfield tag="008">160216n||az|||||||##########||||||||||||</controlfield>
         <datafield tag="040" ind1=" " ind2=" ">
            <subfield code="a">D-Hs</subfield>
         </datafield>
         <datafield tag="043" ind1=" " ind2=" ">
            <subfield code="c">XA-DE</subfield>
         </datafield>
         <datafield tag="110" ind1="2" ind2=" ">
            <subfield code="a">Staats- und Universitätsbibliothek Carl von Ossietzky, Musiksammlung</subfield>
            <subfield code="c">Hamburg</subfield>
            <subfield code="g">D-Hs</subfield>
         </datafield>
         <datafield tag="622" ind1=" " ind2=" ">
            <subfield code="e">Staats- und Universitätsbibliothek Carl, von Ossietzky, Musiksammlung, Von-Melle-Park 3, 20146  Hamburg, Germany</subfield>
            <subfield code="u">http://www.sub.uni-hamburg.de/</subfield>
         </datafield>
      </record>