
      <record>
         <leader>00000nz  a2200169   4500</leader>
         <controlfield tag="001">30000816</controlfield>
         <controlfield tag="003">RISM</controlfield>
         <controlfield tag="005">20160216</controlfield>
         <controlfield tag="008">160216n||az|||||||##########||||||||||||</controlfield>
         <datafield tag="040" ind1=" " ind2=" ">
            <subfield code="a">D-HSj</subfield>
         </datafield>
         <datafield tag="043" ind1=" " ind2=" ">
            <subfield code="c">XA-DE</subfield>
         </datafield>
         <datafield tag="110" ind1="2" ind2=" ">
            <subfield code="a">Ehemalige Universitätsbibliothek im Juleum</subfield>
            <subfield code="c">Helmstedt</subfield>
            <subfield code="g">D-HSj</subfield>
         </datafield>
         <datafield tag="622" ind1=" " ind2=" ">
            <subfield code="e">Ehemalige Universitätsbibliothek im,  Juleum, Collegienplatz 1, 38350 Helmstedt, Germany</subfield>
            <subfield code="u">http://www.helmstedt.de/staticsite/staticsite.php?menuid=67&amp;topmenu=7&amp;keepmenu=inactive</subfield>
         </datafield>
      </record>