
      <record>
         <leader>00000nz  a2200169   4500</leader>
         <controlfield tag="001">30000819</controlfield>
         <controlfield tag="003">RISM</controlfield>
         <controlfield tag="005">20160216</controlfield>
         <controlfield tag="008">160216n||az|||||||##########||||||||||||</controlfield>
         <datafield tag="040" ind1=" " ind2=" ">
            <subfield code="a">D-HSm</subfield>
         </datafield>
         <datafield tag="043" ind1=" " ind2=" ">
            <subfield code="c">XA-DE</subfield>
         </datafield>
         <datafield tag="110" ind1="2" ind2=" ">
            <subfield code="a">Kloster St. Marienberg, Bibliothek</subfield>
            <subfield code="c">Helmstedt</subfield>
            <subfield code="g">D-HSm</subfield>
         </datafield>
         <datafield tag="622" ind1=" " ind2=" ">
            <subfield code="e">Kloster St. Marienberg, Bibliothek, Klosterstraße 14, 38350 Helmstedt, Germany</subfield>
         </datafield>
      </record>