
      <record>
         <leader>00000nz  a2200169   4500</leader>
         <controlfield tag="001">30001183</controlfield>
         <controlfield tag="003">RISM</controlfield>
         <controlfield tag="005">20160216</controlfield>
         <controlfield tag="008">160216n||az|||||||##########||||||||||||</controlfield>
         <datafield tag="040" ind1=" " ind2=" ">
            <subfield code="a">D-HTd</subfield>
         </datafield>
         <datafield tag="043" ind1=" " ind2=" ">
            <subfield code="c">XA-DE</subfield>
         </datafield>
         <datafield tag="110" ind1="2" ind2=" ">
            <subfield code="a">Dombibliothek</subfield>
            <subfield code="c">Halberstadt</subfield>
            <subfield code="g">D-HTd</subfield>
         </datafield>
         <datafield tag="622" ind1=" " ind2=" ">
            <subfield code="e">Dombibliothek, Domplatz 16A, 38820 Halberstadt, Germany</subfield>
            <subfield code="u">http://www.die-domschaetze.de/</subfield>
         </datafield>
      </record>