
      <record>
         <leader>00000nz  a2200169   4500</leader>
         <controlfield tag="001">30001184</controlfield>
         <controlfield tag="003">RISM</controlfield>
         <controlfield tag="005">20160216</controlfield>
         <controlfield tag="008">160216n||az|||||||##########||||||||||||</controlfield>
         <datafield tag="040" ind1=" " ind2=" ">
            <subfield code="a">D-HTg</subfield>
         </datafield>
         <datafield tag="043" ind1=" " ind2=" ">
            <subfield code="c">XA-DE</subfield>
         </datafield>
         <datafield tag="110" ind1="2" ind2=" ">
            <subfield code="a">Das Gleimhaus, Literaturmuseum und Forschungsstätte, Bibliothek</subfield>
            <subfield code="c">Halberstadt</subfield>
            <subfield code="g">D-HTg</subfield>
         </datafield>
         <datafield tag="622" ind1=" " ind2=" ">
            <subfield code="e">Das Gleimhaus, Literaturmuseum und,  Forschungsstätte, Bibliothek, Domplatz 31, 38820 Halberstadt, Germany</subfield>
            <subfield code="u">http://www.gleimhaus.de/</subfield>
         </datafield>
      </record>