
      <record>
         <leader>00000nz  a2200169   4500</leader>
         <controlfield tag="001">30000794</controlfield>
         <controlfield tag="003">RISM</controlfield>
         <controlfield tag="005">20160216</controlfield>
         <controlfield tag="008">160216n||az|||||||##########||||||||||||</controlfield>
         <datafield tag="040" ind1=" " ind2=" ">
            <subfield code="a">D-Hth</subfield>
         </datafield>
         <datafield tag="110" ind1="2" ind2=" ">
            <subfield code="a">Universität Hamburg, Zentrum für Theaterforschung, Theatersammlung</subfield>
            <subfield code="c">Hamburg</subfield>
            <subfield code="g">D-Hth</subfield>
         </datafield>
         <datafield tag="580" ind1=" " ind2=" ">
            <subfield code="x">D-Hs</subfield>
            <subfield code="0">30000225</subfield>
         </datafield>
      </record>