
      <record>
         <leader>00000nz  a2200169   4500</leader>
         <controlfield tag="001">30004116</controlfield>
         <controlfield tag="003">RISM</controlfield>
         <controlfield tag="005">20160216</controlfield>
         <controlfield tag="008">160216n||az|||||||##########||||||||||||</controlfield>
         <datafield tag="040" ind1=" " ind2=" ">
            <subfield code="a">D-HU</subfield>
         </datafield>
         <datafield tag="043" ind1=" " ind2=" ">
            <subfield code="c">XA-DE</subfield>
         </datafield>
         <datafield tag="110" ind1="2" ind2=" ">
            <subfield code="a">Hermann-Tast-Schule, Bibliothek</subfield>
            <subfield code="c">Husum</subfield>
            <subfield code="g">D-HU</subfield>
         </datafield>
         <datafield tag="410" ind1="2" ind2=" ">
            <subfield code="a">Staatliches Hermann-Tast-Gymnasium</subfield>
         </datafield>
         <datafield tag="622" ind1=" " ind2=" ">
            <subfield code="e">Hermann-Tast-Schule, Bibliothek, Am Bahndamm 1, 25813 Husum, Germany</subfield>
            <subfield code="u">http://hermann-tast-schule.lernnetz.de/</subfield>
         </datafield>
      </record>