
      <record>
         <leader>00000nz  a2200169   4500</leader>
         <controlfield tag="001">30001185</controlfield>
         <controlfield tag="003">RISM</controlfield>
         <controlfield tag="005">20160216</controlfield>
         <controlfield tag="008">160216n||az|||||||##########||||||||||||</controlfield>
         <datafield tag="040" ind1=" " ind2=" ">
            <subfield code="a">D-HUH</subfield>
         </datafield>
         <datafield tag="043" ind1=" " ind2=" ">
            <subfield code="c">XA-DE</subfield>
         </datafield>
         <datafield tag="110" ind1="2" ind2=" ">
            <subfield code="a">St. Johannes der Täufer-Kirche, Pfarrarchiv</subfield>
            <subfield code="c">Hummelshain</subfield>
            <subfield code="g">D-HUH</subfield>
         </datafield>
         <datafield tag="622" ind1=" " ind2=" ">
            <subfield code="e">St. Johannes der Täufer-Kirche,,  Pfarrarchiv, 07768 Hummelshain, Germany</subfield>
            <subfield code="u">http://goo.gl/gU5Lni</subfield>
         </datafield>
      </record>