
      <record>
         <leader>00000nz  a2200169   4500</leader>
         <controlfield tag="001">30004080</controlfield>
         <controlfield tag="003">RISM</controlfield>
         <controlfield tag="005">20160216</controlfield>
         <controlfield tag="008">160216n||az|||||||##########||||||||||||</controlfield>
         <datafield tag="040" ind1=" " ind2=" ">
            <subfield code="a">D-HUts</subfield>
         </datafield>
         <datafield tag="043" ind1=" " ind2=" ">
            <subfield code="c">XA-DE</subfield>
         </datafield>
         <datafield tag="110" ind1="2" ind2=" ">
            <subfield code="a">Theodor-Storm-Museum</subfield>
            <subfield code="c">Husum</subfield>
            <subfield code="g">D-HUts</subfield>
         </datafield>
         <datafield tag="410" ind1="2" ind2=" ">
            <subfield code="a">Theodor-Storm-Haus</subfield>
         </datafield>
         <datafield tag="410" ind1="2" ind2=" ">
            <subfield code="a">Theodor-Storm-Gesellschaft</subfield>
         </datafield>
         <datafield tag="622" ind1=" " ind2=" ">
            <subfield code="e">Theodor-Storm-Museum, Wasserreihe 31, 25813 Husum, Germany</subfield>
            <subfield code="u">http://www.storm-gesellschaft.de/</subfield>
         </datafield>
      </record>