
      <record>
         <leader>00000nz  a2200169   4500</leader>
         <controlfield tag="001">30079295</controlfield>
         <controlfield tag="003">RISM</controlfield>
         <controlfield tag="005">20160216</controlfield>
         <controlfield tag="008">160216n||az|||||||##########||||||||||||</controlfield>
         <datafield tag="040" ind1=" " ind2=" ">
            <subfield code="a">D-HVfmg</subfield>
         </datafield>
         <datafield tag="043" ind1=" " ind2=" ">
            <subfield code="c">XA-DE</subfield>
         </datafield>
         <datafield tag="110" ind1="2" ind2=" ">
            <subfield code="a">Forschungszentrum Musik und Gender, Bibliothek</subfield>
            <subfield code="c">Hannover</subfield>
            <subfield code="g">D-HVfmg</subfield>
         </datafield>
         <datafield tag="622" ind1=" " ind2=" ">
            <subfield code="e">Forschungszentrum Musik und Gender,,  Bibliothek, Emmichplatz 1, 30175 Hannover, Germany</subfield>
            <subfield code="u">http://www.fmg.hmtm-hannover.de/de/</subfield>
         </datafield>
      </record>