
      <record>
         <leader>00000nz  a2200169   4500</leader>
         <controlfield tag="001">30000821</controlfield>
         <controlfield tag="003">RISM</controlfield>
         <controlfield tag="005">20160216</controlfield>
         <controlfield tag="008">160216n||az|||||||##########||||||||||||</controlfield>
         <datafield tag="040" ind1=" " ind2=" ">
            <subfield code="a">D-HVh</subfield>
         </datafield>
         <datafield tag="043" ind1=" " ind2=" ">
            <subfield code="c">XA-DE</subfield>
         </datafield>
         <datafield tag="110" ind1="2" ind2=" ">
            <subfield code="a">Hochschule für Musik, Theater und Medien - Hochschulbibliothek</subfield>
            <subfield code="c">Hannover</subfield>
            <subfield code="g">D-HVh</subfield>
         </datafield>
         <datafield tag="410" ind1="2" ind2=" ">
            <subfield code="a">Niedersächsische Hochschule für Musik und Theater</subfield>
         </datafield>
         <datafield tag="410" ind1="2" ind2=" ">
            <subfield code="a">Staatliche Hochschule für Musik und Theater</subfield>
         </datafield>
         <datafield tag="622" ind1=" " ind2=" ">
            <subfield code="e">Hochschule für Musik, Theater und,  Medien, Hochschulbibliothek, Emmichplatz 1, 30175 Hannover, Germany</subfield>
            <subfield code="u">http://www.hmtm-hannover.de/de/studium/hochschulbibliothek/</subfield>
         </datafield>
      </record>