
      <record>
         <leader>00000nz  a2200169   4500</leader>
         <controlfield tag="001">30000822</controlfield>
         <controlfield tag="003">RISM</controlfield>
         <controlfield tag="005">20160216</controlfield>
         <controlfield tag="008">160216n||az|||||||##########||||||||||||</controlfield>
         <datafield tag="040" ind1=" " ind2=" ">
            <subfield code="a">D-HVk</subfield>
         </datafield>
         <datafield tag="043" ind1=" " ind2=" ">
            <subfield code="c">XA-DE</subfield>
         </datafield>
         <datafield tag="110" ind1="2" ind2=" ">
            <subfield code="a">Arbeitsstelle für Gottesdienst und Kirchenmusik der Evangelisch-Lutherischen Landeskirche Hannover&#xD;
</subfield>
            <subfield code="c">Hannover</subfield>
            <subfield code="g">D-HVk</subfield>
         </datafield>
         <datafield tag="410" ind1="2" ind2=" ">
            <subfield code="a">Bibliothek der Kirchenmusikschule der Evangelisch-Lutherischen Landeskirche Hannover</subfield>
         </datafield>
         <datafield tag="580" ind1=" " ind2=" ">
            <subfield code="x">D-HImk</subfield>
            <subfield code="0">30061587</subfield>
         </datafield>
      </record>