
      <record>
         <leader>00000nz  a2200169   4500</leader>
         <controlfield tag="001">30002770</controlfield>
         <controlfield tag="003">RISM</controlfield>
         <controlfield tag="005">20160216</controlfield>
         <controlfield tag="008">160216n||az|||||||##########||||||||||||</controlfield>
         <datafield tag="040" ind1=" " ind2=" ">
            <subfield code="a">D-HVkm</subfield>
         </datafield>
         <datafield tag="043" ind1=" " ind2=" ">
            <subfield code="c">XA-DE</subfield>
         </datafield>
         <datafield tag="110" ind1="2" ind2=" ">
            <subfield code="a">Museum August Kestner, Bibliothek</subfield>
            <subfield code="c">Hannover</subfield>
            <subfield code="g">D-HVkm</subfield>
         </datafield>
         <datafield tag="410" ind1="2" ind2=" ">
            <subfield code="a">Kestner-Museum</subfield>
         </datafield>
         <datafield tag="622" ind1=" " ind2=" ">
            <subfield code="e">Museum August Kestner, Bibliothek, Trammplatz 3, 30159 Hannover, Germany</subfield>
            <subfield code="u">http://goo.gl/g1vawR</subfield>
         </datafield>
      </record>