
      <record>
         <leader>00000nz  a2200169   4500</leader>
         <controlfield tag="001">30000823</controlfield>
         <controlfield tag="003">RISM</controlfield>
         <controlfield tag="005">20160216</controlfield>
         <controlfield tag="008">160216n||az|||||||##########||||||||||||</controlfield>
         <datafield tag="040" ind1=" " ind2=" ">
            <subfield code="a">D-HVl</subfield>
         </datafield>
         <datafield tag="043" ind1=" " ind2=" ">
            <subfield code="c">XA-DE</subfield>
         </datafield>
         <datafield tag="110" ind1="2" ind2=" ">
            <subfield code="a">Gottfried Wilhelm Leibniz Bibliothek - Niedersächsische Landesbibliothek</subfield>
            <subfield code="c">Hannover</subfield>
            <subfield code="g">D-HVl</subfield>
         </datafield>
         <datafield tag="410" ind1="2" ind2=" ">
            <subfield code="a">Kgl. Provinzialbibliothek</subfield>
         </datafield>
         <datafield tag="622" ind1=" " ind2=" ">
            <subfield code="e">Gottfried Wilhelm Leibniz Bibliothek -,  Niedersächsische Landesbibliothek, Waterloostraße 8, 30169 Hannover, Germany</subfield>
            <subfield code="u">http://www.gwlb.de/</subfield>
         </datafield>
      </record>