
      <record>
         <leader>00000nz  a2200169   4500</leader>
         <controlfield tag="001">30000824</controlfield>
         <controlfield tag="003">RISM</controlfield>
         <controlfield tag="005">20160216</controlfield>
         <controlfield tag="008">160216n||az|||||||##########||||||||||||</controlfield>
         <datafield tag="040" ind1=" " ind2=" ">
            <subfield code="a">D-HVs</subfield>
         </datafield>
         <datafield tag="043" ind1=" " ind2=" ">
            <subfield code="c">XA-DE</subfield>
         </datafield>
         <datafield tag="110" ind1="2" ind2=" ">
            <subfield code="a">Stadtbibliothek, Musikabteilung</subfield>
            <subfield code="c">Hannover</subfield>
            <subfield code="g">D-HVs</subfield>
         </datafield>
         <datafield tag="622" ind1=" " ind2=" ">
            <subfield code="e">Stadtbibliothek, Musikabteilung, Hildesheimer Straße 12, 30169 Hannover, Germany</subfield>
            <subfield code="u">http://goo.gl/MnwZLp</subfield>
         </datafield>
         <datafield tag="710" ind1="2" ind2=" ">
            <subfield code="a">Sammlung Kestner</subfield>
            <subfield code="0">30060874</subfield>
         </datafield>
      </record>