
      <record>
         <leader>00000nz  a2200169   4500</leader>
         <controlfield tag="001">30000825</controlfield>
         <controlfield tag="003">RISM</controlfield>
         <controlfield tag="005">20160216</controlfield>
         <controlfield tag="008">160216n||az|||||||##########||||||||||||</controlfield>
         <datafield tag="040" ind1=" " ind2=" ">
            <subfield code="a">D-HVsa</subfield>
         </datafield>
         <datafield tag="043" ind1=" " ind2=" ">
            <subfield code="c">XA-DE</subfield>
         </datafield>
         <datafield tag="110" ind1="2" ind2=" ">
            <subfield code="a">Niedersächsisches Landesarchiv - Standort Hannover</subfield>
            <subfield code="c">Hannover</subfield>
            <subfield code="g">D-HVsa</subfield>
         </datafield>
         <datafield tag="410" ind1="2" ind2=" ">
            <subfield code="a">Hauptstaatsarchiv</subfield>
         </datafield>
         <datafield tag="622" ind1=" " ind2=" ">
            <subfield code="e">Niedersächsisches Landesarchiv -,  Standort Hannover, Am Archiv 1, 30169 Hannover, Germany</subfield>
            <subfield code="u">http://goo.gl/cU148G</subfield>
         </datafield>
      </record>