
      <record>
         <leader>00000nz  a2200169   4500</leader>
         <controlfield tag="001">30000826</controlfield>
         <controlfield tag="003">RISM</controlfield>
         <controlfield tag="005">20160216</controlfield>
         <controlfield tag="008">160216n||az|||||||##########||||||||||||</controlfield>
         <datafield tag="040" ind1=" " ind2=" ">
            <subfield code="a">D-HVth</subfield>
         </datafield>
         <datafield tag="043" ind1=" " ind2=" ">
            <subfield code="c">XA-DE</subfield>
         </datafield>
         <datafield tag="110" ind1="2" ind2=" ">
            <subfield code="a">Technische Informationsbibliothek und Universitätsbibliothek</subfield>
            <subfield code="c">Hannover</subfield>
            <subfield code="g">D-HVth</subfield>
         </datafield>
         <datafield tag="410" ind1="2" ind2=" ">
            <subfield code="a">Bibliothek der Technischen Hochschule</subfield>
         </datafield>
         <datafield tag="622" ind1=" " ind2=" ">
            <subfield code="e">Technische Informationsbibliothek und,  Universitätsbibliothek, Am Welfengarten 1B, 30167 Hannover, Germany</subfield>
            <subfield code="u">http://www.tib.uni-hannover.de/</subfield>
         </datafield>
      </record>