
      <record>
         <leader>00000nz  a2200169   4500</leader>
         <controlfield tag="001">30000827</controlfield>
         <controlfield tag="003">RISM</controlfield>
         <controlfield tag="005">20160216</controlfield>
         <controlfield tag="008">160216n||az|||||||##########||||||||||||</controlfield>
         <datafield tag="040" ind1=" " ind2=" ">
            <subfield code="a">D-HX</subfield>
         </datafield>
         <datafield tag="043" ind1=" " ind2=" ">
            <subfield code="c">XA-DE</subfield>
         </datafield>
         <datafield tag="110" ind1="2" ind2=" ">
            <subfield code="a">Kath. Pfarramt St. Nikolai, Kirchenbibliothek</subfield>
            <subfield code="c">Höxter</subfield>
            <subfield code="g">D-HX</subfield>
         </datafield>
         <datafield tag="622" ind1=" " ind2=" ">
            <subfield code="e">Kath. Pfarramt St. Nikolai,,  Kirchenbibliothek, Pfarrbüro, Marktstraße 21, 37671 Höxter, Germany</subfield>
            <subfield code="u">http://pv-corvey.de/pastoralverbund/pfarrgemeinden/st-nikolai-hoexter/</subfield>
         </datafield>
      </record>