
      <record>
         <leader>00000nz  a2200169   4500</leader>
         <controlfield tag="001">30000828</controlfield>
         <controlfield tag="003">RISM</controlfield>
         <controlfield tag="005">20160216</controlfield>
         <controlfield tag="008">160216n||az|||||||##########||||||||||||</controlfield>
         <datafield tag="040" ind1=" " ind2=" ">
            <subfield code="a">D-Iek</subfield>
         </datafield>
         <datafield tag="043" ind1=" " ind2=" ">
            <subfield code="c">XA-DE</subfield>
         </datafield>
         <datafield tag="110" ind1="2" ind2=" ">
            <subfield code="a">Praedicantenbibliothek der Evangelischen Nikolaikirche</subfield>
            <subfield code="c">Isny im Allgäu</subfield>
            <subfield code="g">D-Iek</subfield>
         </datafield>
         <datafield tag="622" ind1=" " ind2=" ">
            <subfield code="e">Praedicantenbibliothek der Evangelischen,  Nikolaikirche, Weißlandstraße 21, 88316 Isny im Allgäu, Germany</subfield>
            <subfield code="u">http://www.isny-evangelisch.de/die-praedikantenbibliothek/</subfield>
         </datafield>
      </record>