
      <record>
         <leader>00000nz  a2200169   4500</leader>
         <controlfield tag="001">30000049</controlfield>
         <controlfield tag="003">RISM</controlfield>
         <controlfield tag="005">20160216</controlfield>
         <controlfield tag="008">160216n||az|||||||##########||||||||||||</controlfield>
         <datafield tag="040" ind1=" " ind2=" ">
            <subfield code="a">D-ILk</subfield>
         </datafield>
         <datafield tag="043" ind1=" " ind2=" ">
            <subfield code="c">XA-DE</subfield>
         </datafield>
         <datafield tag="110" ind1="2" ind2=" ">
            <subfield code="a">Evangelisch-Lutherische Kirchengemeinde St. Jakobus, Pfarrbibliothek</subfield>
            <subfield code="c">Ilmenau (Thüringen)</subfield>
            <subfield code="g">D-ILk</subfield>
         </datafield>
         <datafield tag="410" ind1="2" ind2=" ">
            <subfield code="a">Kirchenbibliothek (Notensammlung)</subfield>
         </datafield>
         <datafield tag="622" ind1=" " ind2=" ">
            <subfield code="e">Evangelisch-Lutherische Kirchengemeinde,  St. Jakobus, Pfarrbibliothek, Kirchplatz 1, 98693 Ilmenau (Thüringen), Germany</subfield>
            <subfield code="u">http://www.jakobuskirche-ilmenau.de</subfield>
         </datafield>
      </record>