
      <record>
         <leader>00000nz  a2200169   4500</leader>
         <controlfield tag="001">30001186</controlfield>
         <controlfield tag="003">RISM</controlfield>
         <controlfield tag="005">20160216</controlfield>
         <controlfield tag="008">160216n||az|||||||##########||||||||||||</controlfield>
         <datafield tag="040" ind1=" " ind2=" ">
            <subfield code="a">D-ILs</subfield>
         </datafield>
         <datafield tag="043" ind1=" " ind2=" ">
            <subfield code="c">XA-DE</subfield>
         </datafield>
         <datafield tag="110" ind1="2" ind2=" ">
            <subfield code="a">Stadtarchiv</subfield>
            <subfield code="c">Ilmenau (Thüringen)</subfield>
            <subfield code="g">D-ILs</subfield>
         </datafield>
         <datafield tag="622" ind1=" " ind2=" ">
            <subfield code="e">Stadtarchiv, Stadtverwaltung Ilmenau / Kultur- und,  Sozialamt, Naumannstraße 22, 98693 Ilmenau (Thüringen), Germany</subfield>
            <subfield code="u">https://www.ilmenau.de/92-0-Stadtarchiv.html</subfield>
         </datafield>
      </record>