
      <record>
         <leader>00000nz  a2200169   4500</leader>
         <controlfield tag="001">30000832</controlfield>
         <controlfield tag="003">RISM</controlfield>
         <controlfield tag="005">20160216</controlfield>
         <controlfield tag="008">160216n||az|||||||##########||||||||||||</controlfield>
         <datafield tag="040" ind1=" " ind2=" ">
            <subfield code="a">D-IS</subfield>
         </datafield>
         <datafield tag="043" ind1=" " ind2=" ">
            <subfield code="c">XA-DE</subfield>
         </datafield>
         <datafield tag="110" ind1="2" ind2=" ">
            <subfield code="a">Kloster Isenhagen, Bibliothek</subfield>
            <subfield code="c">Hankensbüttel-Isenhagen</subfield>
            <subfield code="g">D-IS</subfield>
         </datafield>
         <datafield tag="410" ind1="2" ind2=" ">
            <subfield code="a">Evangelisches Damenstift</subfield>
         </datafield>
         <datafield tag="622" ind1=" " ind2=" ">
            <subfield code="e">Kloster Isenhagen, Bibliothek, Klosterstraße 2, 29386 Hankensbüttel-Isenhagen, Germany</subfield>
            <subfield code="u">http://www.kloster-isenhagen.de/</subfield>
         </datafield>
      </record>