
      <record>
         <leader>00000nz  a2200169   4500</leader>
         <controlfield tag="001">30005675</controlfield>
         <controlfield tag="003">RISM</controlfield>
         <controlfield tag="005">20160216</controlfield>
         <controlfield tag="008">160216n||az|||||||##########||||||||||||</controlfield>
         <datafield tag="040" ind1=" " ind2=" ">
            <subfield code="a">D-ISL</subfield>
         </datafield>
         <datafield tag="043" ind1=" " ind2=" ">
            <subfield code="c">XA-DE</subfield>
         </datafield>
         <datafield tag="110" ind1="2" ind2=" ">
            <subfield code="a">Varnhagensche Bibliothek</subfield>
            <subfield code="c">Iserlohn</subfield>
            <subfield code="g">D-ISL</subfield>
         </datafield>
         <datafield tag="622" ind1=" " ind2=" ">
            <subfield code="e">Varnhagensche Bibliothek, c/o Evangelischer Kirchenkreis Iserlohn, Am Bilstein, 58636 Iserlohn, Germany</subfield>
            <subfield code="u">http://www.iserlohn.de/index.php?id=892</subfield>
         </datafield>
      </record>