
      <record>
         <leader>00000nz  a2200169   4500</leader>
         <controlfield tag="001">30077289</controlfield>
         <controlfield tag="003">RISM</controlfield>
         <controlfield tag="005">20160216</controlfield>
         <controlfield tag="008">160216n||az|||||||##########||||||||||||</controlfield>
         <datafield tag="040" ind1=" " ind2=" ">
            <subfield code="a">D-ISLsa</subfield>
         </datafield>
         <datafield tag="043" ind1=" " ind2=" ">
            <subfield code="c">XA-DE</subfield>
         </datafield>
         <datafield tag="110" ind1="2" ind2=" ">
            <subfield code="a">Stadtarchiv</subfield>
            <subfield code="c">Iserlohn</subfield>
            <subfield code="g">D-ISLsa</subfield>
         </datafield>
         <datafield tag="622" ind1=" " ind2=" ">
            <subfield code="e">Stadtarchiv, in der "Alten Post", Theodor-Heuss-Ring 5, 58636 Iserlohn, Germany</subfield>
            <subfield code="u">http://www.iserlohn.de/Stadtarchiv.2331.0.html</subfield>
         </datafield>
      </record>