
      <record>
         <leader>00000nz  a2200169   4500</leader>
         <controlfield tag="001">30000833</controlfield>
         <controlfield tag="003">RISM</controlfield>
         <controlfield tag="005">20160216</controlfield>
         <controlfield tag="008">160216n||az|||||||##########||||||||||||</controlfield>
         <datafield tag="040" ind1=" " ind2=" ">
            <subfield code="a">D-ITZ</subfield>
         </datafield>
         <datafield tag="043" ind1=" " ind2=" ">
            <subfield code="c">XA-DE</subfield>
         </datafield>
         <datafield tag="110" ind1="2" ind2=" ">
            <subfield code="a">St. Laurentii, Kirchenbibliothek</subfield>
            <subfield code="c">Itzehoe</subfield>
            <subfield code="g">D-ITZ</subfield>
         </datafield>
         <datafield tag="622" ind1=" " ind2=" ">
            <subfield code="e">St. Laurentii, Kirchenbibliothek, Innenstadtgemeinde - Gemeindebüro, Kirchenstraße 10, 25524 Itzehoe, Germany</subfield>
            <subfield code="u">http://www.kk-rm.de/unsere-gemeinden/itzehoe/innenstadtgemeinde.html</subfield>
         </datafield>
      </record>