
      <record>
         <leader>00000nz  a2200169   4500</leader>
         <controlfield tag="001">30001191</controlfield>
         <controlfield tag="003">RISM</controlfield>
         <controlfield tag="005">20160216</controlfield>
         <controlfield tag="008">160216n||az|||||||##########||||||||||||</controlfield>
         <datafield tag="040" ind1=" " ind2=" ">
            <subfield code="a">D-JA</subfield>
         </datafield>
         <datafield tag="043" ind1=" " ind2=" ">
            <subfield code="c">XA-DE</subfield>
         </datafield>
         <datafield tag="110" ind1="2" ind2=" ">
            <subfield code="a">Evangelisch-Lutherische Kirchgemeinde, Pfarrarchiv</subfield>
            <subfield code="c">Jahnsdorf/ Erzgebirge</subfield>
            <subfield code="g">D-JA</subfield>
         </datafield>
         <datafield tag="622" ind1=" " ind2=" ">
            <subfield code="e">Evangelisch-Lutherische Kirchgemeinde,,  Pfarrarchiv, Meinersdorfer Straße 4, 09387 Jahnsdorf/ Erzgebirge, Germany</subfield>
            <subfield code="u">http://www.kirche-erzgebirge.de/verzeichnis/visitenkarte.php?mandat=130011</subfield>
         </datafield>
      </record>