
      <record>
         <leader>00000nz  a2200169   4500</leader>
         <controlfield tag="001">30000834</controlfield>
         <controlfield tag="003">RISM</controlfield>
         <controlfield tag="005">20160216</controlfield>
         <controlfield tag="008">160216n||az|||||||##########||||||||||||</controlfield>
         <datafield tag="040" ind1=" " ind2=" ">
            <subfield code="a">D-JE</subfield>
         </datafield>
         <datafield tag="043" ind1=" " ind2=" ">
            <subfield code="c">XA-DE</subfield>
         </datafield>
         <datafield tag="110" ind1="2" ind2=" ">
            <subfield code="a">Mariengymnasium, Bibliothek</subfield>
            <subfield code="c">Jever</subfield>
            <subfield code="g">D-JE</subfield>
         </datafield>
         <datafield tag="622" ind1=" " ind2=" ">
            <subfield code="e">Mariengymnasium, Bibliothek, Terrasse 3, 26441 Jever, Germany</subfield>
            <subfield code="u">http://www.mariengymnasium-jever.de/</subfield>
         </datafield>
      </record>