
      <record>
         <leader>00000nz  a2200169   4500</leader>
         <controlfield tag="001">30003750</controlfield>
         <controlfield tag="003">RISM</controlfield>
         <controlfield tag="005">20160216</controlfield>
         <controlfield tag="008">160216n||az|||||||##########||||||||||||</controlfield>
         <datafield tag="040" ind1=" " ind2=" ">
            <subfield code="a">D-Jeh</subfield>
         </datafield>
         <datafield tag="043" ind1=" " ind2=" ">
            <subfield code="c">XA-DE</subfield>
         </datafield>
         <datafield tag="110" ind1="2" ind2=" ">
            <subfield code="a">Ernst-Haeckel-Haus</subfield>
            <subfield code="c">Jena</subfield>
            <subfield code="g">D-Jeh</subfield>
         </datafield>
         <datafield tag="410" ind1="2" ind2=" ">
            <subfield code="a">Friedrich-Schiller-Universität</subfield>
         </datafield>
         <datafield tag="622" ind1=" " ind2=" ">
            <subfield code="e">Ernst-Haeckel-Haus, Berggasse 7, 07745 Jena, Germany</subfield>
            <subfield code="u">http://www.ehh.uni-jena.de/Startseite.html</subfield>
         </datafield>
      </record>