
      <record>
         <leader>00000nz  a2200169   4500</leader>
         <controlfield tag="001">30001188</controlfield>
         <controlfield tag="003">RISM</controlfield>
         <controlfield tag="005">20160216</controlfield>
         <controlfield tag="008">160216n||az|||||||##########||||||||||||</controlfield>
         <datafield tag="040" ind1=" " ind2=" ">
            <subfield code="a">D-Jmb</subfield>
         </datafield>
         <datafield tag="043" ind1=" " ind2=" ">
            <subfield code="c">XA-DE</subfield>
         </datafield>
         <datafield tag="110" ind1="2" ind2=" ">
            <subfield code="a">Ernst-Abbe-Bücherei</subfield>
            <subfield code="c">Jena</subfield>
            <subfield code="g">D-Jmb</subfield>
         </datafield>
         <datafield tag="410" ind1="2" ind2=" ">
            <subfield code="a">Öffentliche Lesehalle und Bibliothek</subfield>
         </datafield>
         <datafield tag="410" ind1="2" ind2=" ">
            <subfield code="a">Lesehalle der Carl-Zeiss-Stiftung, Musikbibliothek</subfield>
         </datafield>
         <datafield tag="622" ind1=" " ind2=" ">
            <subfield code="e">Ernst-Abbe-Bücherei, Carl-Zeiss-Platz 15, 07743 Jena, Germany</subfield>
            <subfield code="u">http://www.stadtbibliothek.jena.de/de/startseite/359025</subfield>
         </datafield>
      </record>