
      <record>
         <leader>00000nz  a2200169   4500</leader>
         <controlfield tag="001">30001189</controlfield>
         <controlfield tag="003">RISM</controlfield>
         <controlfield tag="005">20160216</controlfield>
         <controlfield tag="008">160216n||az|||||||##########||||||||||||</controlfield>
         <datafield tag="040" ind1=" " ind2=" ">
            <subfield code="a">D-Jmi</subfield>
         </datafield>
         <datafield tag="043" ind1=" " ind2=" ">
            <subfield code="c">XA-DE</subfield>
         </datafield>
         <datafield tag="110" ind1="2" ind2=" ">
            <subfield code="a">Friedrich-Schiller-Universität, Sektion Literatur- und Kunstwissenschaften, Bibliothek des ehem. Musikwissenschaftlichen Instituts</subfield>
            <subfield code="c">Jena</subfield>
            <subfield code="g">D-Jmi</subfield>
         </datafield>
         <datafield tag="410" ind1="2" ind2=" ">
            <subfield code="a">Musikwissenschaftliches Institut der Friedrich-Schiller-Universität</subfield>
         </datafield>
         <datafield tag="580" ind1=" " ind2=" ">
            <subfield code="x">D-Ju</subfield>
            <subfield code="0">30000050</subfield>
         </datafield>
      </record>