
      <record>
         <leader>00000nz  a2200169   4500</leader>
         <controlfield tag="001">30003967</controlfield>
         <controlfield tag="003">RISM</controlfield>
         <controlfield tag="005">20160216</controlfield>
         <controlfield tag="008">160216n||az|||||||##########||||||||||||</controlfield>
         <datafield tag="040" ind1=" " ind2=" ">
            <subfield code="a">D-JP</subfield>
         </datafield>
         <datafield tag="043" ind1=" " ind2=" ">
            <subfield code="c">XA-DE</subfield>
         </datafield>
         <datafield tag="110" ind1="2" ind2=" ">
            <subfield code="a">Pfarrarchiv</subfield>
            <subfield code="c">Jenaprießnitz</subfield>
            <subfield code="g">D-JP</subfield>
         </datafield>
         <datafield tag="622" ind1=" " ind2=" ">
            <subfield code="e">Pfarrarchiv, c/o Seelsorgebezirk Jena-Ost Gembdental, Charlottenstraße 16, 07749 Jena, Germany</subfield>
            <subfield code="u">http://www.kirchgemeinde-jena-gembdental.de/index.php</subfield>
         </datafield>
      </record>