
      <record>
         <leader>00000nz  a2200169   4500</leader>
         <controlfield tag="001">30000050</controlfield>
         <controlfield tag="003">RISM</controlfield>
         <controlfield tag="005">20160216</controlfield>
         <controlfield tag="008">160216n||az|||||||##########||||||||||||</controlfield>
         <datafield tag="040" ind1=" " ind2=" ">
            <subfield code="a">D-Ju</subfield>
         </datafield>
         <datafield tag="043" ind1=" " ind2=" ">
            <subfield code="c">XA-DE</subfield>
         </datafield>
         <datafield tag="110" ind1="2" ind2=" ">
            <subfield code="a">Thüringer Universitäts- und Landesbibliothek&#xD;
</subfield>
            <subfield code="c">Jena</subfield>
            <subfield code="g">D-Ju</subfield>
         </datafield>
         <datafield tag="410" ind1="2" ind2=" ">
            <subfield code="a">Friedrich-Schiller-Universität, Universitätsbibliothek, Fachreferat Musik</subfield>
         </datafield>
         <datafield tag="622" ind1=" " ind2=" ">
            <subfield code="e">Thüringer Universitäts- und, Landesbibliothek, Bibliotheksplatz 2, 07743 Jena, Germany</subfield>
            <subfield code="u">http://www.thulb.uni-jena.de/</subfield>
         </datafield>
      </record>