
      <record>
         <leader>00000nz  a2200169   4500</leader>
         <controlfield tag="001">30001192</controlfield>
         <controlfield tag="003">RISM</controlfield>
         <controlfield tag="005">20160216</controlfield>
         <controlfield tag="008">160216n||az|||||||##########||||||||||||</controlfield>
         <datafield tag="040" ind1=" " ind2=" ">
            <subfield code="a">D-JÜ</subfield>
         </datafield>
         <datafield tag="043" ind1=" " ind2=" ">
            <subfield code="c">XA-DE</subfield>
         </datafield>
         <datafield tag="110" ind1="2" ind2=" ">
            <subfield code="a">Evangelische Kirchengemeinde St. Nikolai, Pfarrarchiv</subfield>
            <subfield code="c">Jüterbog</subfield>
            <subfield code="g">D-JÜ</subfield>
         </datafield>
         <datafield tag="622" ind1=" " ind2=" ">
            <subfield code="e">Evangelische Kirchengemeinde St.,  Nikolai, Pfarrarchiv, Planeberg 71, 14913 Jüterbog, Germany</subfield>
            <subfield code="u">http://www.kirche-jueterbog.com/index.php?id=10</subfield>
         </datafield>
      </record>