
      <record>
         <leader>00000nz  a2200169   4500</leader>
         <controlfield tag="001">30070405</controlfield>
         <controlfield tag="003">RISM</controlfield>
         <controlfield tag="005">20160216</controlfield>
         <controlfield tag="008">160216n||az|||||||##########||||||||||||</controlfield>
         <datafield tag="040" ind1=" " ind2=" ">
            <subfield code="a">D-JÜLm</subfield>
         </datafield>
         <datafield tag="043" ind1=" " ind2=" ">
            <subfield code="c">XA-DE</subfield>
         </datafield>
         <datafield tag="110" ind1="2" ind2=" ">
            <subfield code="a">Museum Zitadelle</subfield>
            <subfield code="c">Jülich</subfield>
            <subfield code="g">D-JÜLm</subfield>
         </datafield>
         <datafield tag="410" ind1="2" ind2=" ">
            <subfield code="a">Stadtgeschichtliches Museum</subfield>
         </datafield>
         <datafield tag="622" ind1=" " ind2=" ">
            <subfield code="e">Museum Zitadelle, Museumsbüro, Kleine Ruhrstraße 20, 52428 Jülich, Germany</subfield>
            <subfield code="u">http://www.juelich.de/museum</subfield>
         </datafield>
      </record>