
      <record>
         <leader>00000nz  a2200169   4500</leader>
         <controlfield tag="001">30000839</controlfield>
         <controlfield tag="003">RISM</controlfield>
         <controlfield tag="005">20160216</controlfield>
         <controlfield tag="008">160216n||az|||||||##########||||||||||||</controlfield>
         <datafield tag="040" ind1=" " ind2=" ">
            <subfield code="a">D-KA</subfield>
         </datafield>
         <datafield tag="043" ind1=" " ind2=" ">
            <subfield code="c">XA-DE</subfield>
         </datafield>
         <datafield tag="110" ind1="2" ind2=" ">
            <subfield code="a">Badische Landesbibliothek, Musikabteilung</subfield>
            <subfield code="c">Karlsruhe</subfield>
            <subfield code="g">D-KA</subfield>
         </datafield>
         <datafield tag="410" ind1="2" ind2=" ">
            <subfield code="a">Großherzoglich Badische Hof- und Landesbibliothek</subfield>
         </datafield>
         <datafield tag="622" ind1=" " ind2=" ">
            <subfield code="e">Badische Landesbibliothek,, Musikabteilung, Erbprinzenstraße 15, 76133 Karlsruhe, Germany</subfield>
            <subfield code="u">http://www.blb-karlsruhe.de/blb/blbhtml/besondere-bestaende/musik/musik.html</subfield>
         </datafield>
      </record>