
      <record>
         <leader>00000nz  a2200169   4500</leader>
         <controlfield tag="001">30006432</controlfield>
         <controlfield tag="003">RISM</controlfield>
         <controlfield tag="005">20160216</controlfield>
         <controlfield tag="008">160216n||az|||||||##########||||||||||||</controlfield>
         <datafield tag="040" ind1=" " ind2=" ">
            <subfield code="a">D-KAg</subfield>
         </datafield>
         <datafield tag="043" ind1=" " ind2=" ">
            <subfield code="c">XA-DE</subfield>
         </datafield>
         <datafield tag="110" ind1="2" ind2=" ">
            <subfield code="a">Generallandesarchiv</subfield>
            <subfield code="c">Karlsruhe</subfield>
            <subfield code="g">D-KAg</subfield>
         </datafield>
         <datafield tag="410" ind1="2" ind2=" ">
            <subfield code="a">Landesarchiv Baden-Württemberg</subfield>
         </datafield>
         <datafield tag="622" ind1=" " ind2=" ">
            <subfield code="e">Generallandesarchiv Karlsruhe, Nördliche Hildapromenade 2, 76133 Karlsruhe, Germany</subfield>
            <subfield code="u">http://www.landesarchiv-bw.de/web/47245</subfield>
         </datafield>
      </record>