
      <record>
         <leader>00000nz  a2200169   4500</leader>
         <controlfield tag="001">30001193</controlfield>
         <controlfield tag="003">RISM</controlfield>
         <controlfield tag="005">20160216</controlfield>
         <controlfield tag="008">160216n||az|||||||##########||||||||||||</controlfield>
         <datafield tag="040" ind1=" " ind2=" ">
            <subfield code="a">D-KAHa</subfield>
         </datafield>
         <datafield tag="043" ind1=" " ind2=" ">
            <subfield code="c">XA-DE</subfield>
         </datafield>
         <datafield tag="110" ind1="2" ind2=" ">
            <subfield code="a">Johann-Walther-Kantorei, Archiv</subfield>
            <subfield code="c">Kahla (Thüringen)</subfield>
            <subfield code="g">D-KAHa</subfield>
         </datafield>
         <datafield tag="622" ind1=" " ind2=" ">
            <subfield code="e">Johann-Walther-Kantorei, Archiv, Rudolf-Breitscheid-Str. 1, 07768 Kahla (Thüringen), Germany</subfield>
            <subfield code="u">http://goo.gl/fxjZBV</subfield>
         </datafield>
      </record>