
      <record>
         <leader>00000nz  a2200169   4500</leader>
         <controlfield tag="001">30076362</controlfield>
         <controlfield tag="003">RISM</controlfield>
         <controlfield tag="005">20160216</controlfield>
         <controlfield tag="008">160216n||az|||||||##########||||||||||||</controlfield>
         <datafield tag="040" ind1=" " ind2=" ">
            <subfield code="a">D-KAhm</subfield>
         </datafield>
         <datafield tag="043" ind1=" " ind2=" ">
            <subfield code="c">XA-DE</subfield>
         </datafield>
         <datafield tag="110" ind1="2" ind2=" ">
            <subfield code="a">Hochschule für Musik, Bibliothek</subfield>
            <subfield code="c">Karlsruhe</subfield>
            <subfield code="g">D-KAhm</subfield>
         </datafield>
         <datafield tag="622" ind1=" " ind2=" ">
            <subfield code="e">Hochschule für Musik, Bibliothek, Am Schloss Gottesaue 7, 76131 Karlsruhe, Germany</subfield>
            <subfield code="u">http://www.hfm-karlsruhe.de</subfield>
         </datafield>
      </record>