
      <record>
         <leader>00000nz  a2200169   4500</leader>
         <controlfield tag="001">30000841</controlfield>
         <controlfield tag="003">RISM</controlfield>
         <controlfield tag="005">20160216</controlfield>
         <controlfield tag="008">160216n||az|||||||##########||||||||||||</controlfield>
         <datafield tag="040" ind1=" " ind2=" ">
            <subfield code="a">D-KAL</subfield>
         </datafield>
         <datafield tag="043" ind1=" " ind2=" ">
            <subfield code="c">XA-DE</subfield>
         </datafield>
         <datafield tag="110" ind1="2" ind2=" ">
            <subfield code="a">Evangelische Kirchengemeinde Kaldenkirchen, Pfarrbibliothek</subfield>
            <subfield code="c">Nettetal-Kaldenkirchen</subfield>
            <subfield code="g">D-KAL</subfield>
         </datafield>
         <datafield tag="622" ind1=" " ind2=" ">
            <subfield code="e">Evangelische Kirchengemeinde,  Kaldenkirchen, Pfarrbibliothek, Friedrichstraße 50, 41334 Nettetal-Kaldenkirchen, Germany</subfield>
            <subfield code="u">http://evangelische-kirche-kaldenkirchen.de/</subfield>
         </datafield>
      </record>