
      <record>
         <leader>00000nz  a2200169   4500</leader>
         <controlfield tag="001">30006426</controlfield>
         <controlfield tag="003">RISM</controlfield>
         <controlfield tag="005">20160216</controlfield>
         <controlfield tag="008">160216n||az|||||||##########||||||||||||</controlfield>
         <datafield tag="040" ind1=" " ind2=" ">
            <subfield code="a">D-KAmri</subfield>
         </datafield>
         <datafield tag="043" ind1=" " ind2=" ">
            <subfield code="c">XA-DE</subfield>
         </datafield>
         <datafield tag="110" ind1="2" ind2=" ">
            <subfield code="a">Max-Reger-Institut/ Elsa-Reger-Stiftung</subfield>
            <subfield code="c">Karlsruhe</subfield>
            <subfield code="g">D-KAmri</subfield>
         </datafield>
         <datafield tag="622" ind1=" " ind2=" ">
            <subfield code="e">Max-Reger-Institut/ Elsa-Reger-Stiftung, Alte Karlsburg Durlach, Pfinztalstr. 7, 76227 Karlsruhe, Germany</subfield>
            <subfield code="u">http://www.max-reger-institut.de</subfield>
         </datafield>
      </record>