
      <record>
         <leader>00000nz  a2200169   4500</leader>
         <controlfield tag="001">30002774</controlfield>
         <controlfield tag="003">RISM</controlfield>
         <controlfield tag="005">20160216</controlfield>
         <controlfield tag="008">160216n||az|||||||##########||||||||||||</controlfield>
         <datafield tag="040" ind1=" " ind2=" ">
            <subfield code="a">D-KAo</subfield>
         </datafield>
         <datafield tag="043" ind1=" " ind2=" ">
            <subfield code="c">XA-DE</subfield>
         </datafield>
         <datafield tag="110" ind1="2" ind2=" ">
            <subfield code="a">Evangelischer Oberkirchenrat, Bibliothek</subfield>
            <subfield code="c">Karlsruhe</subfield>
            <subfield code="g">D-KAo</subfield>
         </datafield>
         <datafield tag="622" ind1=" " ind2=" ">
            <subfield code="e">Evangelischer Oberkirchenrat, Bibliothek, Blumenstr. 1-7, 76133 Karlsruhe, Germany</subfield>
            <subfield code="u">http://www.ekiba.de/html/misc/impressum.html</subfield>
         </datafield>
      </record>