
      <record>
         <leader>00000nz  a2200169   4500</leader>
         <controlfield tag="001">30001194</controlfield>
         <controlfield tag="003">RISM</controlfield>
         <controlfield tag="005">20160216</controlfield>
         <controlfield tag="008">160216n||az|||||||##########||||||||||||</controlfield>
         <datafield tag="040" ind1=" " ind2=" ">
            <subfield code="a">D-KAP</subfield>
         </datafield>
         <datafield tag="043" ind1=" " ind2=" ">
            <subfield code="c">XA-DE</subfield>
         </datafield>
         <datafield tag="110" ind1="2" ind2=" ">
            <subfield code="a">Pfarrarchiv</subfield>
            <subfield code="c">Kapellendorf</subfield>
            <subfield code="g">D-KAP</subfield>
         </datafield>
         <datafield tag="622" ind1=" " ind2=" ">
            <subfield code="e">Pfarrarchiv, 99510 Kapellendorf, Germany</subfield>
            <subfield code="u">http://kirchspiel-kapellendorf.de/</subfield>
         </datafield>
      </record>