
      <record>
         <leader>00000nz  a2200169   4500</leader>
         <controlfield tag="001">30000840</controlfield>
         <controlfield tag="003">RISM</controlfield>
         <controlfield tag="005">20160216</controlfield>
         <controlfield tag="008">160216n||az|||||||##########||||||||||||</controlfield>
         <datafield tag="040" ind1=" " ind2=" ">
            <subfield code="a">D-KAu</subfield>
         </datafield>
         <datafield tag="043" ind1=" " ind2=" ">
            <subfield code="c">XA-DE</subfield>
         </datafield>
         <datafield tag="110" ind1="2" ind2=" ">
            <subfield code="a">KIT-Bibliothek</subfield>
            <subfield code="c">Karlsruhe</subfield>
            <subfield code="g">D-KAu</subfield>
         </datafield>
         <datafield tag="410" ind1="2" ind2=" ">
            <subfield code="a">Karlsruher Institut für Technologie (KIT), Bibliothek</subfield>
         </datafield>
         <datafield tag="410" ind1="2" ind2=" ">
            <subfield code="a">Universitätsbibliothek</subfield>
         </datafield>
         <datafield tag="410" ind1="2" ind2=" ">
            <subfield code="a">Technische Hochschule Fridericiana, Bibliothek</subfield>
         </datafield>
         <datafield tag="622" ind1=" " ind2=" ">
            <subfield code="e">KIT-Bibliothek, Postfach 6920, 76049 Karlsruhe, Germany</subfield>
            <subfield code="u">http://www.bibliothek.kit.edu/cms/index.php</subfield>
         </datafield>
      </record>