
      <record>
         <leader>00000nz  a2200169   4500</leader>
         <controlfield tag="001">30002911</controlfield>
         <controlfield tag="003">RISM</controlfield>
         <controlfield tag="005">20160216</controlfield>
         <controlfield tag="008">160216n||az|||||||##########||||||||||||</controlfield>
         <datafield tag="040" ind1=" " ind2=" ">
            <subfield code="a">D-KAY</subfield>
         </datafield>
         <datafield tag="043" ind1=" " ind2=" ">
            <subfield code="c">XA-DE</subfield>
         </datafield>
         <datafield tag="110" ind1="2" ind2=" ">
            <subfield code="a">Evangelische Kirchengemeinde Kayna, Pfarrarchiv</subfield>
            <subfield code="c">Zeitz-Kayna</subfield>
            <subfield code="g">D-KAY</subfield>
         </datafield>
         <datafield tag="410" ind1="2" ind2=" ">
            <subfield code="a">Superintendentur Zeitz</subfield>
         </datafield>
         <datafield tag="622" ind1=" " ind2=" ">
            <subfield code="e">Evangelische Kirchengemeinde Kayna,,  Pfarrarchiv, Pfarramt, Kirchplatz 7, 06712 Zeitz-Kayna, Germany</subfield>
            <subfield code="u">http://www.ekmd.de/kirche/kirchenkreise/3122.html?expanded=3461#3461</subfield>
         </datafield>
      </record>