
      <record>
         <leader>00000nz  a2200169   4500</leader>
         <controlfield tag="001">30000842</controlfield>
         <controlfield tag="003">RISM</controlfield>
         <controlfield tag="005">20160216</controlfield>
         <controlfield tag="008">160216n||az|||||||##########||||||||||||</controlfield>
         <datafield tag="040" ind1=" " ind2=" ">
            <subfield code="a">D-KBa</subfield>
         </datafield>
         <datafield tag="043" ind1=" " ind2=" ">
            <subfield code="c">XA-DE</subfield>
         </datafield>
         <datafield tag="110" ind1="2" ind2=" ">
            <subfield code="a">Landeshauptarchiv</subfield>
            <subfield code="c">Koblenz</subfield>
            <subfield code="g">D-KBa</subfield>
         </datafield>
         <datafield tag="410" ind1="2" ind2=" ">
            <subfield code="a">Staatsarchiv</subfield>
         </datafield>
         <datafield tag="622" ind1=" " ind2=" ">
            <subfield code="e">Landeshauptarchiv, Karmeliterstraße 1-3, 56068 Koblenz, Germany</subfield>
            <subfield code="u">http://www.landeshauptarchiv.de/index.php?id=10</subfield>
         </datafield>
      </record>