
      <record>
         <leader>00000nz  a2200169   4500</leader>
         <controlfield tag="001">30002776</controlfield>
         <controlfield tag="003">RISM</controlfield>
         <controlfield tag="005">20160216</controlfield>
         <controlfield tag="008">160216n||az|||||||##########||||||||||||</controlfield>
         <datafield tag="040" ind1=" " ind2=" ">
            <subfield code="a">D-KBg</subfield>
         </datafield>
         <datafield tag="043" ind1=" " ind2=" ">
            <subfield code="c">XA-DE</subfield>
         </datafield>
         <datafield tag="110" ind1="2" ind2=" ">
            <subfield code="a">Görres-Gymnasium, Alte Bibliothek (Stiftungsbibliothek)</subfield>
            <subfield code="c">Koblenz</subfield>
            <subfield code="g">D-KBg</subfield>
         </datafield>
         <datafield tag="622" ind1=" " ind2=" ">
            <subfield code="e">Görres-Gymnasium, Alte Bibliothek,  (Stiftungsbibliothek), Gymnasialstraße 3, 56068 Koblenz, Germany</subfield>
            <subfield code="u">http://www.goerres-koblenz.de/lernen/bibliothek/stiftungsbibliothek/</subfield>
         </datafield>
      </record>