
      <record>
         <leader>00000nz  a2200169   4500</leader>
         <controlfield tag="001">30061568</controlfield>
         <controlfield tag="003">RISM</controlfield>
         <controlfield tag="005">20160216</controlfield>
         <controlfield tag="008">160216n||az|||||||##########||||||||||||</controlfield>
         <datafield tag="040" ind1=" " ind2=" ">
            <subfield code="a">D-KBrlb</subfield>
         </datafield>
         <datafield tag="043" ind1=" " ind2=" ">
            <subfield code="c">XA-DE</subfield>
         </datafield>
         <datafield tag="110" ind1="2" ind2=" ">
            <subfield code="a">Rheinische Landesbibliothek</subfield>
            <subfield code="c">Koblenz</subfield>
            <subfield code="g">D-KBrlb</subfield>
         </datafield>
         <datafield tag="410" ind1="2" ind2=" ">
            <subfield code="a">Landesbibliothekszentrum Rheinland-Pfalz</subfield>
         </datafield>
         <datafield tag="622" ind1=" " ind2=" ">
            <subfield code="e">Rheinische Landesbibliothek, Bahnhofplatz 14, 56068 Koblenz, Germany</subfield>
            <subfield code="u">http://lbz.rlp.de/ueber-uns/standorte/rheinische-landesbibliothek/</subfield>
         </datafield>
      </record>