
      <record>
         <leader>00000nz  a2200169   4500</leader>
         <controlfield tag="001">30000843</controlfield>
         <controlfield tag="003">RISM</controlfield>
         <controlfield tag="005">20160216</controlfield>
         <controlfield tag="008">160216n||az|||||||##########||||||||||||</controlfield>
         <datafield tag="040" ind1=" " ind2=" ">
            <subfield code="a">D-KBs</subfield>
         </datafield>
         <datafield tag="043" ind1=" " ind2=" ">
            <subfield code="c">XA-DE</subfield>
         </datafield>
         <datafield tag="110" ind1="2" ind2=" ">
            <subfield code="a">Stadtbibliothek, Musikbibliothek</subfield>
            <subfield code="c">Koblenz</subfield>
            <subfield code="g">D-KBs</subfield>
         </datafield>
         <datafield tag="622" ind1=" " ind2=" ">
            <subfield code="e">Stadtbibliothek, Musikbibliothek, Zentralplatz 1, 56068 Koblenz, Germany</subfield>
            <subfield code="u">http://www.koblenz.de/stadtleben_kultur/k42_bildung_bibliotheken.html</subfield>
         </datafield>
      </record>