
      <record>
         <leader>00000nz  a2200169   4500</leader>
         <controlfield tag="001">30002772</controlfield>
         <controlfield tag="003">RISM</controlfield>
         <controlfield tag="005">20160216</controlfield>
         <controlfield tag="008">160216n||az|||||||##########||||||||||||</controlfield>
         <datafield tag="040" ind1=" " ind2=" ">
            <subfield code="a">D-Kbv</subfield>
         </datafield>
         <datafield tag="043" ind1=" " ind2=" ">
            <subfield code="c">XA-DE</subfield>
         </datafield>
         <datafield tag="110" ind1="2" ind2=" ">
            <subfield code="a">Bärenreiter-Verlag, Bibliothek</subfield>
            <subfield code="c">Kassel</subfield>
            <subfield code="g">D-Kbv</subfield>
         </datafield>
         <datafield tag="622" ind1=" " ind2=" ">
            <subfield code="e">Bärenreiter-Verlag, Bibliothek, Heinrich-Schütz-Allee 35-37, 34131 Kassel, Germany</subfield>
            <subfield code="u">https://www.baerenreiter.com/</subfield>
         </datafield>
      </record>