
      <record>
         <leader>00000nz  a2200169   4500</leader>
         <controlfield tag="001">30005692</controlfield>
         <controlfield tag="003">RISM</controlfield>
         <controlfield tag="005">20160216</controlfield>
         <controlfield tag="008">160216n||az|||||||##########||||||||||||</controlfield>
         <datafield tag="040" ind1=" " ind2=" ">
            <subfield code="a">D-Kdk</subfield>
         </datafield>
         <datafield tag="043" ind1=" " ind2=" ">
            <subfield code="c">XA-DE</subfield>
         </datafield>
         <datafield tag="110" ind1="2" ind2=" ">
            <subfield code="a">Gesellschaft zur wissenschaftlichen Edition des Deutschen Kirchenlieds e.V.</subfield>
            <subfield code="c">Kassel</subfield>
            <subfield code="g">D-Kdk</subfield>
         </datafield>
         <datafield tag="622" ind1=" " ind2=" ">
            <subfield code="e">Gesellschaft zur wissenschaftlichen,  Edition des Deutschen Kirchenlieds e.V., Gießbergstr. 41-47, 34127 Kassel, Germany</subfield>
         </datafield>
      </record>