
      <record>
         <leader>00000nz  a2200169   4500</leader>
         <controlfield tag="001">30000835</controlfield>
         <controlfield tag="003">RISM</controlfield>
         <controlfield tag="005">20160216</controlfield>
         <controlfield tag="008">160216n||az|||||||##########||||||||||||</controlfield>
         <datafield tag="040" ind1=" " ind2=" ">
            <subfield code="a">D-Kdma</subfield>
         </datafield>
         <datafield tag="043" ind1=" " ind2=" ">
            <subfield code="c">XA-DE</subfield>
         </datafield>
         <datafield tag="110" ind1="2" ind2=" ">
            <subfield code="a">Deutsches Musikgeschichtliches Archiv, Bibliothek</subfield>
            <subfield code="c">Kassel</subfield>
            <subfield code="g">D-Kdma</subfield>
         </datafield>
         <datafield tag="622" ind1=" " ind2=" ">
            <subfield code="e">Deutsches Musikgeschichtliches Archiv,,  Bibliothek, Heinrich-Schütz-Allee 35, 34131 Kassel, Germany</subfield>
            <subfield code="u">http://www.dmga.de</subfield>
         </datafield>
      </record>