
      <record>
         <leader>00000nz  a2200169   4500</leader>
         <controlfield tag="001">30001198</controlfield>
         <controlfield tag="003">RISM</controlfield>
         <controlfield tag="005">20160216</controlfield>
         <controlfield tag="008">160216n||az|||||||##########||||||||||||</controlfield>
         <datafield tag="040" ind1=" " ind2=" ">
            <subfield code="a">D-KEI</subfield>
         </datafield>
         <datafield tag="043" ind1=" " ind2=" ">
            <subfield code="c">XA-DE</subfield>
         </datafield>
         <datafield tag="110" ind1="2" ind2=" ">
            <subfield code="a">Staatliche Fördersschule für Sprachbehinderte "Friedrich Fröbel"</subfield>
            <subfield code="c">Keilhau</subfield>
            <subfield code="g">D-KEI</subfield>
         </datafield>
         <datafield tag="410" ind1="2" ind2=" ">
            <subfield code="a">Sprachheilschule "Friedrich Fröbel"</subfield>
         </datafield>
         <datafield tag="622" ind1=" " ind2=" ">
            <subfield code="e">Staatliche Fördersschule für,  Sprachbehinderte "Friedrich Fröbel", Robert-Birkner-Str. 5-8, 07407 Keilhau, Germany</subfield>
         </datafield>
      </record>