
      <record>
         <leader>00000nz  a2200169   4500</leader>
         <controlfield tag="001">30070518</controlfield>
         <controlfield tag="003">RISM</controlfield>
         <controlfield tag="005">20160216</controlfield>
         <controlfield tag="008">160216n||az|||||||##########||||||||||||</controlfield>
         <datafield tag="040" ind1=" " ind2=" ">
            <subfield code="a">D-KEsm</subfield>
         </datafield>
         <datafield tag="043" ind1=" " ind2=" ">
            <subfield code="c">XA-DE</subfield>
         </datafield>
         <datafield tag="110" ind1="2" ind2=" ">
            <subfield code="a">Katholische Pfarrei St. Martinus</subfield>
            <subfield code="c">Kerpen</subfield>
            <subfield code="g">D-KEsm</subfield>
         </datafield>
         <datafield tag="622" ind1=" " ind2=" ">
            <subfield code="e">Katholische Pfarrei St. Martinus, Stiftsstraße 6, 50171 Kerpen, Germany</subfield>
            <subfield code="u">http://goo.gl/cAYwQL</subfield>
         </datafield>
      </record>