
      <record>
         <leader>00000nz  a2200169   4500</leader>
         <controlfield tag="001">30070519</controlfield>
         <controlfield tag="003">RISM</controlfield>
         <controlfield tag="005">20160216</controlfield>
         <controlfield tag="008">160216n||az|||||||##########||||||||||||</controlfield>
         <datafield tag="040" ind1=" " ind2=" ">
            <subfield code="a">D-KEsmk</subfield>
         </datafield>
         <datafield tag="043" ind1=" " ind2=" ">
            <subfield code="c">XA-DE</subfield>
         </datafield>
         <datafield tag="110" ind1="2" ind2=" ">
            <subfield code="a">Katholische Kirchengemeinde St. Maria Königin</subfield>
            <subfield code="c">Kerpen-Sindorf</subfield>
            <subfield code="g">D-KEsmk</subfield>
         </datafield>
         <datafield tag="622" ind1=" " ind2=" ">
            <subfield code="e">Katholische Kirchengemeinde St. Maria,  Königin, Kerpener Str. 36, 50170 Kerpen-Sindorf, Germany</subfield>
            <subfield code="u">http://www.horrem-sindorf.de/</subfield>
         </datafield>
      </record>