
      <record>
         <leader>00000nz  a2200169   4500</leader>
         <controlfield tag="001">30061508</controlfield>
         <controlfield tag="003">RISM</controlfield>
         <controlfield tag="005">20160216</controlfield>
         <controlfield tag="008">160216n||az|||||||##########||||||||||||</controlfield>
         <datafield tag="040" ind1=" " ind2=" ">
            <subfield code="a">D-KHp</subfield>
         </datafield>
         <datafield tag="043" ind1=" " ind2=" ">
            <subfield code="c">XA-DE</subfield>
         </datafield>
         <datafield tag="110" ind1="2" ind2=" ">
            <subfield code="a">Katholische Kirche St. Martin, Pfarrarchiv</subfield>
            <subfield code="c">Königheim</subfield>
            <subfield code="g">D-KHp</subfield>
         </datafield>
         <datafield tag="622" ind1=" " ind2=" ">
            <subfield code="e">Katholische Kirche St. Martin,,  Pfarrarchiv, Pfarramt, Kirchplatz 6, 97953 Königheim, Germany</subfield>
         </datafield>
      </record>