
      <record>
         <leader>00000nz  a2200169   4500</leader>
         <controlfield tag="001">30076220</controlfield>
         <controlfield tag="003">RISM</controlfield>
         <controlfield tag="005">20160216</controlfield>
         <controlfield tag="008">160216n||az|||||||##########||||||||||||</controlfield>
         <datafield tag="040" ind1=" " ind2=" ">
            <subfield code="a">D-KIjbg</subfield>
         </datafield>
         <datafield tag="043" ind1=" " ind2=" ">
            <subfield code="c">XA-DE</subfield>
         </datafield>
         <datafield tag="110" ind1="2" ind2=" ">
            <subfield code="a">Johannes Brahms Gesamtausgabe, Forschungsstelle Kiel</subfield>
            <subfield code="c">Kiel</subfield>
            <subfield code="g">D-KIjbg</subfield>
         </datafield>
         <datafield tag="622" ind1=" " ind2=" ">
            <subfield code="e">Postanschrift:, Johannes Brahms Gesamtausgabe,,  Forschungsstelle Kiel, Olshausenstr. 40, 24098  Kiel, Germany</subfield>
            <subfield code="u">http://www.brahmsausgabe.uni-kiel.de</subfield>
         </datafield>
      </record>