
      <record>
         <leader>00000nz  a2200169   4500</leader>
         <controlfield tag="001">30000848</controlfield>
         <controlfield tag="003">RISM</controlfield>
         <controlfield tag="005">20160216</controlfield>
         <controlfield tag="008">160216n||az|||||||##########||||||||||||</controlfield>
         <datafield tag="040" ind1=" " ind2=" ">
            <subfield code="a">D-KIl</subfield>
         </datafield>
         <datafield tag="043" ind1=" " ind2=" ">
            <subfield code="c">XA-DE</subfield>
         </datafield>
         <datafield tag="110" ind1="2" ind2=" ">
            <subfield code="a">Schleswig-Holsteinische Landesbibliothek</subfield>
            <subfield code="c">Kiel</subfield>
            <subfield code="g">D-KIl</subfield>
         </datafield>
         <datafield tag="622" ind1=" " ind2=" ">
            <subfield code="e">Schleswig-Holsteinische, Landesbibliothek, Wall 47/51, 24103 Kiel, Germany</subfield>
            <subfield code="u">http://www.shlb.de</subfield>
         </datafield>
         <datafield tag="710" ind1="2" ind2=" ">
            <subfield code="a">Schleswig-Holsteinische Musiksammlung der Stadt Neumünster</subfield>
            <subfield code="0">30024684</subfield>
         </datafield>
      </record>