
      <record>
         <leader>00000nz  a2200169   4500</leader>
         <controlfield tag="001">30000849</controlfield>
         <controlfield tag="003">RISM</controlfield>
         <controlfield tag="005">20160216</controlfield>
         <controlfield tag="008">160216n||az|||||||##########||||||||||||</controlfield>
         <datafield tag="040" ind1=" " ind2=" ">
            <subfield code="a">D-KImi</subfield>
         </datafield>
         <datafield tag="043" ind1=" " ind2=" ">
            <subfield code="c">XA-DE</subfield>
         </datafield>
         <datafield tag="110" ind1="2" ind2=" ">
            <subfield code="a">Universitätsbibliothek Kiel, Fachbibliothek am Musikwissenschaftlichen Institut</subfield>
            <subfield code="c">Kiel</subfield>
            <subfield code="g">D-KImi</subfield>
         </datafield>
         <datafield tag="410" ind1="2" ind2=" ">
            <subfield code="a">Musikwissenschaftliches Institut der Christian-Albrechts-Universität</subfield>
         </datafield>
         <datafield tag="622" ind1=" " ind2=" ">
            <subfield code="e">Postanschrift:, Musikwissenschaftliches Institut der,  Christian-Albrechts-Universität, Olshausenstr. 40, 24098 Kiel, Germany</subfield>
            <subfield code="u">http://www.uni-kiel.de/fakultas/philosophie/musikwiss/</subfield>
         </datafield>
      </record>