
      <record>
         <leader>00000nz  a2200169   4500</leader>
         <controlfield tag="001">30001199</controlfield>
         <controlfield tag="003">RISM</controlfield>
         <controlfield tag="005">20160216</controlfield>
         <controlfield tag="008">160216n||az|||||||##########||||||||||||</controlfield>
         <datafield tag="040" ind1=" " ind2=" ">
            <subfield code="a">D-KIN</subfield>
         </datafield>
         <datafield tag="043" ind1=" " ind2=" ">
            <subfield code="c">XA-DE</subfield>
         </datafield>
         <datafield tag="110" ind1="2" ind2=" ">
            <subfield code="a">Evangelisch-Lutherische Kirchengemeinde Kindelbrück, Pfarrarchiv</subfield>
            <subfield code="c">Kindelbrück</subfield>
            <subfield code="g">D-KIN</subfield>
         </datafield>
         <datafield tag="622" ind1=" " ind2=" ">
            <subfield code="e">Evangelisch-Lutherische Kirchengemeinde,  Kindelbrück, Pfarrarchiv, c/o Evangelische Regionalgemeinde,  Kindelbrück, Lindenstr. 22, 06577 Etzleben, Germany</subfield>
            <subfield code="u">http://www.evrgkindelbrueck.de/seite/163048/kirchengemeinde_kindelbrueck.html</subfield>
         </datafield>
      </record>