
      <record>
         <leader>00000nz  a2200169   4500</leader>
         <controlfield tag="001">30002777</controlfield>
         <controlfield tag="003">RISM</controlfield>
         <controlfield tag="005">20160216</controlfield>
         <controlfield tag="008">160216n||az|||||||##########||||||||||||</controlfield>
         <datafield tag="040" ind1=" " ind2=" ">
            <subfield code="a">D-KIpth</subfield>
         </datafield>
         <datafield tag="043" ind1=" " ind2=" ">
            <subfield code="c">XA-DE</subfield>
         </datafield>
         <datafield tag="110" ind1="2" ind2=" ">
            <subfield code="a">Universitätsbibliothek Kiel, Fachbibliothek Theologie</subfield>
            <subfield code="c">Kiel</subfield>
            <subfield code="g">D-KIpth</subfield>
         </datafield>
         <datafield tag="410" ind1="2" ind2=" ">
            <subfield code="a">Seminar für Praktische Theologie</subfield>
         </datafield>
         <datafield tag="622" ind1=" " ind2=" ">
            <subfield code="e">Universitätsbibliothek Kiel,,  Fachbibliothek Theologie, Leibnizstraße 4, 24118 Kiel, Germany</subfield>
            <subfield code="u">http://www.theol.uni-kiel.de/de</subfield>
         </datafield>
      </record>