
      <record>
         <leader>00000nz  a2200169   4500</leader>
         <controlfield tag="001">30006653</controlfield>
         <controlfield tag="003">RISM</controlfield>
         <controlfield tag="005">20160216</controlfield>
         <controlfield tag="008">160216n||az|||||||##########||||||||||||</controlfield>
         <datafield tag="040" ind1=" " ind2=" ">
            <subfield code="a">D-KIT</subfield>
         </datafield>
         <datafield tag="043" ind1=" " ind2=" ">
            <subfield code="c">XA-DE</subfield>
         </datafield>
         <datafield tag="110" ind1="2" ind2=" ">
            <subfield code="a">Stadtarchiv</subfield>
            <subfield code="c">Kirchheim unter Teck</subfield>
            <subfield code="g">D-KIT</subfield>
         </datafield>
         <datafield tag="622" ind1=" " ind2=" ">
            <subfield code="e">Stadtarchiv, Freihof, Wollmarktstr. 48, 73230 Kirchheim unter Teck, Germany</subfield>
            <subfield code="u">http://goo.gl/g7eeRS</subfield>
         </datafield>
      </record>