
      <record>
         <leader>00000nz  a2200169   4500</leader>
         <controlfield tag="001">30078136</controlfield>
         <controlfield tag="003">RISM</controlfield>
         <controlfield tag="005">20160216</controlfield>
         <controlfield tag="008">160216n||az|||||||##########||||||||||||</controlfield>
         <datafield tag="040" ind1=" " ind2=" ">
            <subfield code="a">D-KIts</subfield>
         </datafield>
         <datafield tag="043" ind1=" " ind2=" ">
            <subfield code="c">XA-DE</subfield>
         </datafield>
         <datafield tag="110" ind1="2" ind2=" ">
            <subfield code="a">Institut für Neuere Deutsche Literatur und Medien, Theatergeschichtliche Sammlung</subfield>
            <subfield code="c">Kiel</subfield>
            <subfield code="g">D-KIts</subfield>
         </datafield>
         <datafield tag="622" ind1=" " ind2=" ">
            <subfield code="e">Institut für Neuere Deutsche Literatur,  und Medien, Theatergeschichtliche,  Sammlung, Leibnizstraße 8, 24118  Kiel, Germany</subfield>
            <subfield code="u">http://www.ndl-medien.uni-kiel.de/theatergeschichtliche_sammlung</subfield>
         </datafield>
      </record>