
      <record>
         <leader>00000nz  a2200169   4500</leader>
         <controlfield tag="001">30000836</controlfield>
         <controlfield tag="003">RISM</controlfield>
         <controlfield tag="005">20160216</controlfield>
         <controlfield tag="008">160216n||az|||||||##########||||||||||||</controlfield>
         <datafield tag="040" ind1=" " ind2=" ">
            <subfield code="a">D-Kl</subfield>
         </datafield>
         <datafield tag="043" ind1=" " ind2=" ">
            <subfield code="c">XA-DE</subfield>
         </datafield>
         <datafield tag="110" ind1="2" ind2=" ">
            <subfield code="a">Landesbibliothek und Murhardsche Bibliothek der Stadt Kassel</subfield>
            <subfield code="c">Kassel</subfield>
            <subfield code="g">D-Kl</subfield>
         </datafield>
         <datafield tag="580" ind1=" " ind2=" ">
            <subfield code="x">D-Kub</subfield>
            <subfield code="0">104</subfield>
         </datafield>
         <datafield tag="622" ind1=" " ind2=" ">
            <subfield code="e">Landesbibliothek und Murhardsche,  Bibliothek der Stadt Kassel, Brüder-Grimm-Platz 4a, 34117 Kassel, Germany</subfield>
            <subfield code="u">http://www.ub.uni-kassel.de/bb6.html</subfield>
         </datafield>
      </record>