
      <record>
         <leader>00000nz  a2200169   4500</leader>
         <controlfield tag="001">30002773</controlfield>
         <controlfield tag="003">RISM</controlfield>
         <controlfield tag="005">20160216</controlfield>
         <controlfield tag="008">160216n||az|||||||##########||||||||||||</controlfield>
         <datafield tag="040" ind1=" " ind2=" ">
            <subfield code="a">D-Kla</subfield>
         </datafield>
         <datafield tag="043" ind1=" " ind2=" ">
            <subfield code="c">XA-DE</subfield>
         </datafield>
         <datafield tag="110" ind1="2" ind2=" ">
            <subfield code="a">Landeskirchenamt der Evangelischen Kirche von Kurhessen-Waldeck, Bibliothek</subfield>
            <subfield code="c">Kassel</subfield>
            <subfield code="g">D-Kla</subfield>
         </datafield>
         <datafield tag="622" ind1=" " ind2=" ">
            <subfield code="e">Landeskirchenamt der Evangelischen,  Kirche von Kurhessen-Waldeck,,  Bibliothek, Wilhelmshöher Allee 330, 34131 Kassel, Germany</subfield>
            <subfield code="u">http://www.ekkw.de/landeskirchenamt/</subfield>
         </datafield>
      </record>