
      <record>
         <leader>00000nz  a2200169   4500</leader>
         <controlfield tag="001">30000837</controlfield>
         <controlfield tag="003">RISM</controlfield>
         <controlfield tag="005">20160216</controlfield>
         <controlfield tag="008">160216n||az|||||||##########||||||||||||</controlfield>
         <datafield tag="040" ind1=" " ind2=" ">
            <subfield code="a">D-Km</subfield>
         </datafield>
         <datafield tag="043" ind1=" " ind2=" ">
            <subfield code="c">XA-DE</subfield>
         </datafield>
         <datafield tag="110" ind1="2" ind2=" ">
            <subfield code="a">Musikakademie der Stadt Kassel "Louis Spohr", Bibliothek</subfield>
            <subfield code="c">Kassel</subfield>
            <subfield code="g">D-Km</subfield>
         </datafield>
         <datafield tag="410" ind1="2" ind2=" ">
            <subfield code="a">Konservatorium und Musikseminar der Stadt, Bibliothek</subfield>
         </datafield>
         <datafield tag="622" ind1=" " ind2=" ">
            <subfield code="e">Musikakademie der Stadt Kassel "Louis,  Spohr", Bibliothek, Karlsplatz 7, 34177 Kassel, Germany</subfield>
            <subfield code="u">http://www.kassel.de/miniwebs/musikakademie/03232/index.html</subfield>
         </datafield>
      </record>