
      <record>
         <leader>00000nz  a2200169   4500</leader>
         <controlfield tag="001">30001200</controlfield>
         <controlfield tag="003">RISM</controlfield>
         <controlfield tag="005">20160216</controlfield>
         <controlfield tag="008">160216n||az|||||||##########||||||||||||</controlfield>
         <datafield tag="040" ind1=" " ind2=" ">
            <subfield code="a">D-KMk</subfield>
         </datafield>
         <datafield tag="043" ind1=" " ind2=" ">
            <subfield code="c">XA-DE</subfield>
         </datafield>
         <datafield tag="110" ind1="2" ind2=" ">
            <subfield code="a">Evangelisch-Lutherische Hauptkirche St. Marien, Bibliothek</subfield>
            <subfield code="c">Kamenz</subfield>
            <subfield code="g">D-KMk</subfield>
         </datafield>
         <datafield tag="622" ind1=" " ind2=" ">
            <subfield code="e">Evangelisch-Lutherische Hauptkirche St.,  Marien, Bibliothek, Pfarramt, Kirchstr. 20, 01917 Kamenz, Germany</subfield>
            <subfield code="u">http://www.kirchgemeinde-kamenz.de/</subfield>
         </datafield>
      </record>