
      <record>
         <leader>00000nz  a2200169   4500</leader>
         <controlfield tag="001">30003829</controlfield>
         <controlfield tag="003">RISM</controlfield>
         <controlfield tag="005">20160216</controlfield>
         <controlfield tag="008">160216n||az|||||||##########||||||||||||</controlfield>
         <datafield tag="040" ind1=" " ind2=" ">
            <subfield code="a">D-KMr</subfield>
         </datafield>
         <datafield tag="043" ind1=" " ind2=" ">
            <subfield code="c">XA-DE</subfield>
         </datafield>
         <datafield tag="110" ind1="2" ind2=" ">
            <subfield code="a">Ratsbibliothek</subfield>
            <subfield code="c">Kamenz</subfield>
            <subfield code="g">D-KMr</subfield>
         </datafield>
         <datafield tag="410" ind1="2" ind2=" ">
            <subfield code="a">Ratsbibliothek im Stadtarchiv</subfield>
         </datafield>
         <datafield tag="580" ind1=" " ind2=" ">
            <subfield code="x">D-KMs</subfield>
            <subfield code="0">30000114</subfield>
         </datafield>
      </record>