
      <record>
         <leader>00000nz  a2200169   4500</leader>
         <controlfield tag="001">30002853</controlfield>
         <controlfield tag="003">RISM</controlfield>
         <controlfield tag="005">20160216</controlfield>
         <controlfield tag="008">160216n||az|||||||##########||||||||||||</controlfield>
         <datafield tag="040" ind1=" " ind2=" ">
            <subfield code="a">D-KNa</subfield>
         </datafield>
         <datafield tag="043" ind1=" " ind2=" ">
            <subfield code="c">XA-DE</subfield>
         </datafield>
         <datafield tag="110" ind1="2" ind2=" ">
            <subfield code="a">Historisches Archiv der Stadt Köln</subfield>
            <subfield code="c">Köln</subfield>
            <subfield code="g">D-KNa</subfield>
         </datafield>
         <datafield tag="622" ind1=" " ind2=" ">
            <subfield code="e">Historisches Archiv der Stadt Köln, Heumarkt 14, 50667 Köln, Germany</subfield>
            <subfield code="u">http://www.stadt-koeln.de/leben-in-koeln/kultur/historisches-archiv/</subfield>
         </datafield>
      </record>