
      <record>
         <leader>00000nz  a2200169   4500</leader>
         <controlfield tag="001">30000851</controlfield>
         <controlfield tag="003">RISM</controlfield>
         <controlfield tag="005">20160216</controlfield>
         <controlfield tag="008">160216n||az|||||||##########||||||||||||</controlfield>
         <datafield tag="040" ind1=" " ind2=" ">
            <subfield code="a">D-KNd</subfield>
         </datafield>
         <datafield tag="043" ind1=" " ind2=" ">
            <subfield code="c">XA-DE</subfield>
         </datafield>
         <datafield tag="110" ind1="2" ind2=" ">
            <subfield code="a">Erzbischöfliche Diözesan- und Dombibliothek</subfield>
            <subfield code="c">Köln</subfield>
            <subfield code="g">D-KNd</subfield>
         </datafield>
         <datafield tag="410" ind1="2" ind2=" ">
            <subfield code="a">mit Bibliothek St. Albertus Magnus</subfield>
         </datafield>
         <datafield tag="622" ind1=" " ind2=" ">
            <subfield code="e">Erzbischöfliche Diözesan- und, Dombibliothek, Kardinal-Frings-Straße 1-3, 50668 Köln, Germany</subfield>
            <subfield code="u">http://www.dombibliothek-koeln.de/</subfield>
         </datafield>
      </record>