
      <record>
         <leader>00000nz  a2200169   4500</leader>
         <controlfield tag="001">30000852</controlfield>
         <controlfield tag="003">RISM</controlfield>
         <controlfield tag="005">20160216</controlfield>
         <controlfield tag="008">160216n||az|||||||##########||||||||||||</controlfield>
         <datafield tag="040" ind1=" " ind2=" ">
            <subfield code="a">D-KNh</subfield>
         </datafield>
         <datafield tag="043" ind1=" " ind2=" ">
            <subfield code="c">XA-DE</subfield>
         </datafield>
         <datafield tag="110" ind1="2" ind2=" ">
            <subfield code="a">Hochschule für Musik und Tanz, Bibliothek</subfield>
            <subfield code="c">Köln</subfield>
            <subfield code="g">D-KNh</subfield>
         </datafield>
         <datafield tag="410" ind1="2" ind2=" ">
            <subfield code="a">Konservatorium für Musik</subfield>
         </datafield>
         <datafield tag="410" ind1="2" ind2=" ">
            <subfield code="a">Staatliche Hochschule für Musik, Bibliothek</subfield>
         </datafield>
         <datafield tag="622" ind1=" " ind2=" ">
            <subfield code="e">Hochschule für Musik und Tanz,, Bibliothek, Unter Krahnenbäumen 87, 50668 Köln, Germany</subfield>
            <subfield code="u">http://www.hfmt-koeln.de/</subfield>
         </datafield>
      </record>