
      <record>
         <leader>00000nz  a2200169   4500</leader>
         <controlfield tag="001">30000853</controlfield>
         <controlfield tag="003">RISM</controlfield>
         <controlfield tag="005">20160216</controlfield>
         <controlfield tag="008">160216n||az|||||||##########||||||||||||</controlfield>
         <datafield tag="040" ind1=" " ind2=" ">
            <subfield code="a">D-KNhi</subfield>
         </datafield>
         <datafield tag="043" ind1=" " ind2=" ">
            <subfield code="c">XA-DE</subfield>
         </datafield>
         <datafield tag="110" ind1="2" ind2=" ">
            <subfield code="a">Joseph Haydn-Institut</subfield>
            <subfield code="c">Köln</subfield>
            <subfield code="g">D-KNhi</subfield>
         </datafield>
         <datafield tag="622" ind1=" " ind2=" ">
            <subfield code="e">Joseph-Haydn-Institut, Blumenthalstraße 23, 50670 Köln, Germany</subfield>
            <subfield code="u">http://www.haydn-institut.de/</subfield>
         </datafield>
      </record>