
      <record>
         <leader>00000nz  a2200169   4500</leader>
         <controlfield tag="001">30003751</controlfield>
         <controlfield tag="003">RISM</controlfield>
         <controlfield tag="005">20160216</controlfield>
         <controlfield tag="008">160216n||az|||||||##########||||||||||||</controlfield>
         <datafield tag="040" ind1=" " ind2=" ">
            <subfield code="a">D-KNHpa</subfield>
         </datafield>
         <datafield tag="043" ind1=" " ind2=" ">
            <subfield code="c">XA-DE</subfield>
         </datafield>
         <datafield tag="110" ind1="2" ind2=" ">
            <subfield code="a">Evangelische Kirche St. Marien, Pfarrarchiv</subfield>
            <subfield code="c">Königshofen (Gemeinde Heideland)</subfield>
            <subfield code="g">D-KNHpa</subfield>
         </datafield>
         <datafield tag="622" ind1=" " ind2=" ">
            <subfield code="e">Evangelische Kirche St. Marien,,  Pfarrarchiv, Pfarrgasse 1, 07613 Königshofen (Gemeinde Heideland), Germany</subfield>
            <subfield code="u">http://goo.gl/AiiNOo</subfield>
         </datafield>
      </record>