
      <record>
         <leader>00000nz  a2200169   4500</leader>
         <controlfield tag="001">30004157</controlfield>
         <controlfield tag="003">RISM</controlfield>
         <controlfield tag="005">20160216</controlfield>
         <controlfield tag="008">160216n||az|||||||##########||||||||||||</controlfield>
         <datafield tag="040" ind1=" " ind2=" ">
            <subfield code="a">D-KNm</subfield>
         </datafield>
         <datafield tag="043" ind1=" " ind2=" ">
            <subfield code="c">XA-DE</subfield>
         </datafield>
         <datafield tag="110" ind1="2" ind2=" ">
            <subfield code="a">Stadtbibliothek - Zentralbibliothek, Abteilung Musikbibliothek</subfield>
            <subfield code="c">Köln</subfield>
            <subfield code="g">D-KNm</subfield>
         </datafield>
         <datafield tag="622" ind1=" " ind2=" ">
            <subfield code="e">Stadtbibliothek - Zentralbibliothek,,  Abteilung Musikbibliothek, Josef-Haubrich-Hof 1, 50676 Köln, Germany</subfield>
            <subfield code="u">http://www.stadt-koeln.de/leben-in-koeln/stadtbibliothek/</subfield>
         </datafield>
      </record>