
      <record>
         <leader>00000nz  a2200169   4500</leader>
         <controlfield tag="001">30000854</controlfield>
         <controlfield tag="003">RISM</controlfield>
         <controlfield tag="005">20160216</controlfield>
         <controlfield tag="008">160216n||az|||||||##########||||||||||||</controlfield>
         <datafield tag="040" ind1=" " ind2=" ">
            <subfield code="a">D-KNmi</subfield>
         </datafield>
         <datafield tag="043" ind1=" " ind2=" ">
            <subfield code="c">XA-DE</subfield>
         </datafield>
         <datafield tag="110" ind1="2" ind2=" ">
            <subfield code="a">Musikwissenschaftliches Institut der Universität</subfield>
            <subfield code="c">Köln</subfield>
            <subfield code="g">D-KNmi</subfield>
         </datafield>
         <datafield tag="622" ind1=" " ind2=" ">
            <subfield code="e">Musikwissenschaftliches Institut der,  Universität, Hauptgebäude, 3. Etage, Albertus-Magnus-Platz, 50923 Köln, Germany</subfield>
            <subfield code="u">http://musikwissenschaft.phil-fak.uni-koeln.de/11496.html</subfield>
         </datafield>
      </record>