
      <record>
         <leader>00000nz  a2200169   4500</leader>
         <controlfield tag="001">30002778</controlfield>
         <controlfield tag="003">RISM</controlfield>
         <controlfield tag="005">20160216</controlfield>
         <controlfield tag="008">160216n||az|||||||##########||||||||||||</controlfield>
         <datafield tag="040" ind1=" " ind2=" ">
            <subfield code="a">D-KNs</subfield>
         </datafield>
         <datafield tag="043" ind1=" " ind2=" ">
            <subfield code="c">XA-DE</subfield>
         </datafield>
         <datafield tag="110" ind1="2" ind2=" ">
            <subfield code="a">Kölnisches Stadtmuseum, Bibliothek</subfield>
            <subfield code="c">Köln</subfield>
            <subfield code="g">D-KNs</subfield>
         </datafield>
         <datafield tag="622" ind1=" " ind2=" ">
            <subfield code="e">Kölnisches Stadtmuseum, Bibliothek, Zeughausstraße 1-3, 50667 Köln, Germany</subfield>
            <subfield code="u">http://www.museenkoeln.de/portal/pages/636.aspx?s=636</subfield>
         </datafield>
      </record>