
      <record>
         <leader>00000nz  a2200169   4500</leader>
         <controlfield tag="001">30002779</controlfield>
         <controlfield tag="003">RISM</controlfield>
         <controlfield tag="005">20160216</controlfield>
         <controlfield tag="008">160216n||az|||||||##########||||||||||||</controlfield>
         <datafield tag="040" ind1=" " ind2=" ">
            <subfield code="a">D-KNsy</subfield>
         </datafield>
         <datafield tag="043" ind1=" " ind2=" ">
            <subfield code="c">XA-DE</subfield>
         </datafield>
         <datafield tag="110" ind1="2" ind2=" ">
            <subfield code="a">Evangelischer Kirchenverband Köln und Region</subfield>
            <subfield code="c">Köln</subfield>
            <subfield code="g">D-KNsy</subfield>
         </datafield>
         <datafield tag="410" ind1="2" ind2=" ">
            <subfield code="a">Evangelisches Synodalarchiv</subfield>
         </datafield>
         <datafield tag="622" ind1=" " ind2=" ">
            <subfield code="e">Evangelischer Kirchenverband Köln und,  Region, Kartäusergasse 9-11, 50678 Köln, Germany</subfield>
            <subfield code="u">http://www.kirche-koeln.de/</subfield>
         </datafield>
      </record>