
      <record>
         <leader>00000nz  a2200169   4500</leader>
         <controlfield tag="001">30003684</controlfield>
         <controlfield tag="003">RISM</controlfield>
         <controlfield tag="005">20160216</controlfield>
         <controlfield tag="008">160216n||az|||||||##########||||||||||||</controlfield>
         <datafield tag="040" ind1=" " ind2=" ">
            <subfield code="a">D-KNth</subfield>
         </datafield>
         <datafield tag="043" ind1=" " ind2=" ">
            <subfield code="c">XA-DE</subfield>
         </datafield>
         <datafield tag="110" ind1="2" ind2=" ">
            <subfield code="a">Theaterwissenschaftliche Sammlung der Universität zu Köln</subfield>
            <subfield code="c">Köln</subfield>
            <subfield code="g">D-KNth</subfield>
         </datafield>
         <datafield tag="622" ind1=" " ind2=" ">
            <subfield code="e">Theaterwissenschaftliche Sammlung der,  Universität zu Köln, Schloss Wahn, Burgallee 2, 51147 Köln, Germany</subfield>
            <subfield code="u">http://tws.phil-fak.uni-koeln.de/10364.html?&amp;L=0</subfield>
         </datafield>
      </record>