
      <record>
         <leader>00000nz  a2200169   4500</leader>
         <controlfield tag="001">30000855</controlfield>
         <controlfield tag="003">RISM</controlfield>
         <controlfield tag="005">20160216</controlfield>
         <controlfield tag="008">160216n||az|||||||##########||||||||||||</controlfield>
         <datafield tag="040" ind1=" " ind2=" ">
            <subfield code="a">D-KNu</subfield>
         </datafield>
         <datafield tag="043" ind1=" " ind2=" ">
            <subfield code="c">XA-DE</subfield>
         </datafield>
         <datafield tag="110" ind1="2" ind2=" ">
            <subfield code="a">Universitäts- und Stadtbibliothek, Hauptabteilung</subfield>
            <subfield code="c">Köln</subfield>
            <subfield code="g">D-KNu</subfield>
         </datafield>
         <datafield tag="622" ind1=" " ind2=" ">
            <subfield code="e">Universitäts- und Stadtbibliothek,,  Hauptabteilung, Universitätsstraße 33, 50931 Köln, Germany</subfield>
            <subfield code="u">http://www.ub.uni-koeln.de/</subfield>
         </datafield>
         <datafield tag="710" ind1="2" ind2=" ">
            <subfield code="a">Gymnasialbibliothek (ehemalige)</subfield>
            <subfield code="0">30060936</subfield>
         </datafield>
      </record>