
      <record>
         <leader>00000nz  a2200169   4500</leader>
         <controlfield tag="001">30000051</controlfield>
         <controlfield tag="003">RISM</controlfield>
         <controlfield tag="005">20160216</controlfield>
         <controlfield tag="008">160216n||az|||||||##########||||||||||||</controlfield>
         <datafield tag="040" ind1=" " ind2=" ">
            <subfield code="a">D-KÖ</subfield>
         </datafield>
         <datafield tag="043" ind1=" " ind2=" ">
            <subfield code="c">XA-DE</subfield>
         </datafield>
         <datafield tag="110" ind1="2" ind2=" ">
            <subfield code="a">Historisches Museum und Bachgedenkstätte</subfield>
            <subfield code="c">Köthen</subfield>
            <subfield code="g">D-KÖ</subfield>
         </datafield>
         <datafield tag="410" ind1="2" ind2=" ">
            <subfield code="a">Stadtarchiv, Heimatmuseum, Bibliothek</subfield>
         </datafield>
         <datafield tag="410" ind1="2" ind2=" ">
            <subfield code="a">Heimatmuseum</subfield>
         </datafield>
         <datafield tag="622" ind1=" " ind2=" ">
            <subfield code="e">Historisches Museum und Bachgedenkstätte, Ludwigsbau, Schlossplatz 4, 06366 Köthen, Germany</subfield>
            <subfield code="u">http://goo.gl/i05rv1</subfield>
         </datafield>
      </record>