
      <record>
         <leader>00000nz  a2200169   4500</leader>
         <controlfield tag="001">30003796</controlfield>
         <controlfield tag="003">RISM</controlfield>
         <controlfield tag="005">20160216</controlfield>
         <controlfield tag="008">160216n||az|||||||##########||||||||||||</controlfield>
         <datafield tag="040" ind1=" " ind2=" ">
            <subfield code="a">D-KÖDp</subfield>
         </datafield>
         <datafield tag="043" ind1=" " ind2=" ">
            <subfield code="c">XA-DE</subfield>
         </datafield>
         <datafield tag="110" ind1="2" ind2=" ">
            <subfield code="a">Pfarrbereich Kölleda - Ostramondra, Evangelische Kirchengemeinde Kölleda, Pfarrarchiv</subfield>
            <subfield code="c">Kölleda</subfield>
            <subfield code="g">D-KÖDp</subfield>
         </datafield>
         <datafield tag="622" ind1=" " ind2=" ">
            <subfield code="e">Pfarrbereich Kölleda - Ostramondra,,  Evangelische Kirchengemeinde Kölleda,,  Pfarrarchiv, c/o Gemeindebüro Ostramondra, Bahnhofstraße 4, 99636 Ostramondra, Germany</subfield>
            <subfield code="u">http://goo.gl/Z80jpU</subfield>
         </datafield>
      </record>