
      <record>
         <leader>00000nz  a2200169   4500</leader>
         <controlfield tag="001">30077954</controlfield>
         <controlfield tag="003">RISM</controlfield>
         <controlfield tag="005">20160216</controlfield>
         <controlfield tag="008">160216n||az|||||||##########||||||||||||</controlfield>
         <datafield tag="040" ind1=" " ind2=" ">
            <subfield code="a">D-KÖDsa</subfield>
         </datafield>
         <datafield tag="043" ind1=" " ind2=" ">
            <subfield code="c">XA-DE</subfield>
         </datafield>
         <datafield tag="110" ind1="2" ind2=" ">
            <subfield code="a">Stadtarchiv</subfield>
            <subfield code="c">Kölleda</subfield>
            <subfield code="g">D-KÖDsa</subfield>
         </datafield>
         <datafield tag="622" ind1=" " ind2=" ">
            <subfield code="e">Stadtarchiv, Friedrichstraße 1, 99625 Kölleda, Germany</subfield>
            <subfield code="u">http://www.koelleda.de/cms/1/?i=1.116.218.21....de</subfield>
         </datafield>
      </record>