
      <record>
         <leader>00000nz  a2200169   4500</leader>
         <controlfield tag="001">30000856</controlfield>
         <controlfield tag="003">RISM</controlfield>
         <controlfield tag="005">20160216</controlfield>
         <controlfield tag="008">160216n||az|||||||##########||||||||||||</controlfield>
         <datafield tag="040" ind1=" " ind2=" ">
            <subfield code="a">D-KPk</subfield>
         </datafield>
         <datafield tag="043" ind1=" " ind2=" ">
            <subfield code="c">XA-DE</subfield>
         </datafield>
         <datafield tag="110" ind1="2" ind2=" ">
            <subfield code="a">Evangelisch-Lutherisches Pfarramt St. Mang, Kirchenbibliothek</subfield>
            <subfield code="c">Kempten</subfield>
            <subfield code="g">D-KPk</subfield>
         </datafield>
         <datafield tag="622" ind1=" " ind2=" ">
            <subfield code="e">Evangelisch-Lutherisches Pfarramt St., Mang, Kirchenbibliothek, St. Mang-Platz 2, 87435 Kempten, Germany</subfield>
            <subfield code="u">http://www.kempten-evangelisch.de/Mangkirche/</subfield>
         </datafield>
      </record>