
      <record>
         <leader>00000nz  a2200169   4500</leader>
         <controlfield tag="001">30000857</controlfield>
         <controlfield tag="003">RISM</controlfield>
         <controlfield tag="005">20160216</controlfield>
         <controlfield tag="008">160216n||az|||||||##########||||||||||||</controlfield>
         <datafield tag="040" ind1=" " ind2=" ">
            <subfield code="a">D-KPs</subfield>
         </datafield>
         <datafield tag="043" ind1=" " ind2=" ">
            <subfield code="c">XA-DE</subfield>
         </datafield>
         <datafield tag="110" ind1="2" ind2=" ">
            <subfield code="a">Stadtbibliothek</subfield>
            <subfield code="c">Kempten</subfield>
            <subfield code="g">D-KPs</subfield>
         </datafield>
         <datafield tag="622" ind1=" " ind2=" ">
            <subfield code="e">Stadtbibliothek, Orangerieweg 20-22, 87439 Kempten, Germany</subfield>
            <subfield code="u">https://www.kempten.de/de/bibliothek-kontakt.php</subfield>
         </datafield>
      </record>