
      <record>
         <leader>00000nz  a2200169   4500</leader>
         <controlfield tag="001">30000858</controlfield>
         <controlfield tag="003">RISM</controlfield>
         <controlfield tag="005">20160216</controlfield>
         <controlfield tag="008">160216n||az|||||||##########||||||||||||</controlfield>
         <datafield tag="040" ind1=" " ind2=" ">
            <subfield code="a">D-KPsl</subfield>
         </datafield>
         <datafield tag="043" ind1=" " ind2=" ">
            <subfield code="c">XA-DE</subfield>
         </datafield>
         <datafield tag="110" ind1="2" ind2=" ">
            <subfield code="a">Stadtpfarrkirche St. Lorenz, Musikarchiv</subfield>
            <subfield code="c">Kempten</subfield>
            <subfield code="g">D-KPsl</subfield>
         </datafield>
         <datafield tag="622" ind1=" " ind2=" ">
            <subfield code="e">Stadtpfarrkirche St. Lorenz, Musikarchiv, Landwehrstraße 3-5, 87439 Kempten, Germany</subfield>
            <subfield code="u">http://www.stlorenz.de</subfield>
         </datafield>
      </record>