
      <record>
         <leader>00000nz  a2200169   4500</leader>
         <controlfield tag="001">30002581</controlfield>
         <controlfield tag="003">RISM</controlfield>
         <controlfield tag="005">20160216</controlfield>
         <controlfield tag="008">160216n||az|||||||##########||||||||||||</controlfield>
         <datafield tag="040" ind1=" " ind2=" ">
            <subfield code="a">D-KR</subfield>
         </datafield>
         <datafield tag="043" ind1=" " ind2=" ">
            <subfield code="c">XA-DE</subfield>
         </datafield>
         <datafield tag="110" ind1="2" ind2=" ">
            <subfield code="a">Evangelisch-Lutherische Kirchgemeinde Großröhrsdorf-Kleinröhrsdorf, Pfarrkirchenbibliothek</subfield>
            <subfield code="c">Großröhrsdorf-Kleinröhrsdorf</subfield>
            <subfield code="g">D-KR</subfield>
         </datafield>
         <datafield tag="622" ind1=" " ind2=" ">
            <subfield code="e">Evangelisch-Lutherische Kirchgemeinde,  Großröhrsdorf-Kleinröhrsdorf,,  Pfarrkirchenbibliothek, Kirchstraße 10, 01900 Großröhrsdorf, Germany</subfield>
            <subfield code="u">http://www.kirche-grossroehrsdorf.de/</subfield>
         </datafield>
      </record>