
      <record>
         <leader>00000nz  a2200169   4500</leader>
         <controlfield tag="001">30001204</controlfield>
         <controlfield tag="003">RISM</controlfield>
         <controlfield tag="005">20160216</controlfield>
         <controlfield tag="008">160216n||az|||||||##########||||||||||||</controlfield>
         <datafield tag="040" ind1=" " ind2=" ">
            <subfield code="a">D-KRA</subfield>
         </datafield>
         <datafield tag="043" ind1=" " ind2=" ">
            <subfield code="c">XA-DE</subfield>
         </datafield>
         <datafield tag="110" ind1="2" ind2=" ">
            <subfield code="a">Evangelisch-Lutherische Kirchengemeinde Kranichfeld, Pfarrarchiv</subfield>
            <subfield code="c">Kranichfeld</subfield>
            <subfield code="g">D-KRA</subfield>
         </datafield>
         <datafield tag="622" ind1=" " ind2=" ">
            <subfield code="e">Evangelisch-Lutherische Kirchengemeinde,  Kranichfeld, Pfarrarchiv, Kirchplatz 4, 99448 Kranichfeld, Germany</subfield>
            <subfield code="u">http://www.kirche-kranichfeld.de/</subfield>
         </datafield>
      </record>