
      <record>
         <leader>00000nz  a2200169   4500</leader>
         <controlfield tag="001">30077961</controlfield>
         <controlfield tag="003">RISM</controlfield>
         <controlfield tag="005">20160216</controlfield>
         <controlfield tag="008">160216n||az|||||||##########||||||||||||</controlfield>
         <datafield tag="040" ind1=" " ind2=" ">
            <subfield code="a">D-KRAsb</subfield>
         </datafield>
         <datafield tag="043" ind1=" " ind2=" ">
            <subfield code="c">XA-DE</subfield>
         </datafield>
         <datafield tag="110" ind1="2" ind2=" ">
            <subfield code="a">Bibliothek</subfield>
            <subfield code="c">Kranichfeld</subfield>
            <subfield code="g">D-KRAsb</subfield>
         </datafield>
         <datafield tag="410" ind1="2" ind2=" ">
            <subfield code="a">Stadtbibliothek</subfield>
         </datafield>
         <datafield tag="622" ind1=" " ind2=" ">
            <subfield code="e">Bibliothek, Baumbachplatz 1, 99448 Kranichfeld, Germany</subfield>
            <subfield code="u">http://www.kranichfeld.de/verzeichnis/visitenkarte.php?mandat=143115</subfield>
         </datafield>
      </record>