
      <record>
         <leader>00000nz  a2200169   4500</leader>
         <controlfield tag="001">30061570</controlfield>
         <controlfield tag="003">RISM</controlfield>
         <controlfield tag="005">20160216</controlfield>
         <controlfield tag="008">160216n||az|||||||##########||||||||||||</controlfield>
         <datafield tag="040" ind1=" " ind2=" ">
            <subfield code="a">D-KRBv</subfield>
         </datafield>
         <datafield tag="043" ind1=" " ind2=" ">
            <subfield code="c">XA-DE</subfield>
         </datafield>
         <datafield tag="110" ind1="2" ind2=" ">
            <subfield code="a">Archiv für Volksmusik in Schwaben</subfield>
            <subfield code="c">Krumbach (Schwaben)</subfield>
            <subfield code="g">D-KRBv</subfield>
         </datafield>
         <datafield tag="410" ind1="2" ind2=" ">
            <subfield code="a">Forschungsstelle für Volksmusik in Schwaben</subfield>
         </datafield>
         <datafield tag="622" ind1=" " ind2=" ">
            <subfield code="e">Archiv für Volksmusik in Schwaben, Bayerischer Landesverein für,  Heimatpflege e. V., Altes Rathaus, Marktplatz 1, 86381 Krumbach (Schwaben), Germany</subfield>
            <subfield code="u">http://www.heimat-bayern.info/index.php/zeige/index/id/120/seite_id/403</subfield>
         </datafield>
      </record>