
      <record>
         <leader>00000nz  a2200169   4500</leader>
         <controlfield tag="001">30003798</controlfield>
         <controlfield tag="003">RISM</controlfield>
         <controlfield tag="005">20160216</controlfield>
         <controlfield tag="008">160216n||az|||||||##########||||||||||||</controlfield>
         <datafield tag="040" ind1=" " ind2=" ">
            <subfield code="a">D-KRSp</subfield>
         </datafield>
         <datafield tag="043" ind1=" " ind2=" ">
            <subfield code="c">XA-DE</subfield>
         </datafield>
         <datafield tag="110" ind1="2" ind2=" ">
            <subfield code="a">Pfarrsprengel Dahme-Berste-Land, Region Golßen, Evangelische Kirchengemeinde Krossen, Pfarrarchiv</subfield>
            <subfield code="c">Krossen (Drahnsdorf)</subfield>
            <subfield code="g">D-KRSp</subfield>
         </datafield>
         <datafield tag="622" ind1=" " ind2=" ">
            <subfield code="e">Pfarrsprengel Dahme-Berste-Land, Region,  Golßen, Evangelische Kirchengemeinde,  Krossen, Pfarrarchiv, c/o Pfarramt Golßen, Schulstr. 13, 15938 Golßen, Germany</subfield>
            <subfield code="u">http://www.kirchenkreis-luebben.de/Gemeinde_56_Gol%C3%9Fen.htm</subfield>
         </datafield>
      </record>