
      <record>
         <leader>00000nz  a2200169   4500</leader>
         <controlfield tag="001">30001206</controlfield>
         <controlfield tag="003">RISM</controlfield>
         <controlfield tag="005">20160216</controlfield>
         <controlfield tag="008">160216n||az|||||||##########||||||||||||</controlfield>
         <datafield tag="040" ind1=" " ind2=" ">
            <subfield code="a">D-KSH</subfield>
         </datafield>
         <datafield tag="043" ind1=" " ind2=" ">
            <subfield code="c">XA-DE</subfield>
         </datafield>
         <datafield tag="110" ind1="2" ind2=" ">
            <subfield code="a">Evangelisch-Lutherische Kirchgemeinde, Pfarrarchiv</subfield>
            <subfield code="c">Kaltensundheim</subfield>
            <subfield code="g">D-KSH</subfield>
         </datafield>
         <datafield tag="622" ind1=" " ind2=" ">
            <subfield code="e">Evangelisch-Lutherische Kirchgemeinde,,  Pfarrarchiv, Knottenberg 10, 98634 Kaltensundheim, Germany</subfield>
            <subfield code="u">http://salzungen.elkth-online.de/portal/kirche/kaltensundheim/?open=2047</subfield>
         </datafield>
      </record>