
      <record>
         <leader>00000nz  a2200169   4500</leader>
         <controlfield tag="001">30000838</controlfield>
         <controlfield tag="003">RISM</controlfield>
         <controlfield tag="005">20160216</controlfield>
         <controlfield tag="008">160216n||az|||||||##########||||||||||||</controlfield>
         <datafield tag="040" ind1=" " ind2=" ">
            <subfield code="a">D-Ksp</subfield>
         </datafield>
         <datafield tag="043" ind1=" " ind2=" ">
            <subfield code="c">XA-DE</subfield>
         </datafield>
         <datafield tag="110" ind1="2" ind2=" ">
            <subfield code="a">Louis Spohr-Archiv</subfield>
            <subfield code="c">Kassel</subfield>
            <subfield code="g">D-Ksp</subfield>
         </datafield>
         <datafield tag="410" ind1="2" ind2=" ">
            <subfield code="a">Louis-Spohr-Gedenk- und Forschungsstätte</subfield>
         </datafield>
         <datafield tag="622" ind1=" " ind2=" ">
            <subfield code="e">Louis Spohr-Archiv, Spohr Museum - Kulturbahnhof Südflügel, Franz-Ulrich-Straße 6, 34117 Kassel, Germany</subfield>
            <subfield code="u">http://www.spohr-museum.de/index.html</subfield>
         </datafield>
      </record>