
      <record>
         <leader>00000nz  a2200169   4500</leader>
         <controlfield tag="001">30000859</controlfield>
         <controlfield tag="003">RISM</controlfield>
         <controlfield tag="005">20160216</controlfield>
         <controlfield tag="008">160216n||az|||||||##########||||||||||||</controlfield>
         <datafield tag="040" ind1=" " ind2=" ">
            <subfield code="a">D-KU</subfield>
         </datafield>
         <datafield tag="043" ind1=" " ind2=" ">
            <subfield code="c">XA-DE</subfield>
         </datafield>
         <datafield tag="110" ind1="2" ind2=" ">
            <subfield code="a">Stadtarchiv</subfield>
            <subfield code="c">Kulmbach</subfield>
            <subfield code="g">D-KU</subfield>
         </datafield>
         <datafield tag="622" ind1=" " ind2=" ">
            <subfield code="e">Stadtarchiv, Buchbindergasse 5, 95326 Kulmbach, Germany</subfield>
            <subfield code="u">http://www.kulmbach.de/xist4c/web/Stadtarchiv-Kulmbach_id_1022_.htm</subfield>
         </datafield>
      </record>