
      <record>
         <leader>00000nz  a2200169   4500</leader>
         <controlfield tag="001">30076859</controlfield>
         <controlfield tag="003">RISM</controlfield>
         <controlfield tag="005">20160216</controlfield>
         <controlfield tag="008">160216n||az|||||||##########||||||||||||</controlfield>
         <datafield tag="040" ind1=" " ind2=" ">
            <subfield code="a">D-KWbeer</subfield>
         </datafield>
         <datafield tag="043" ind1=" " ind2=" ">
            <subfield code="c">XA-DE</subfield>
         </datafield>
         <datafield tag="110" ind1="2" ind2=" ">
            <subfield code="a">Privatbibliothek Prof. Dr. Axel Beer</subfield>
            <subfield code="c">Klein-Winternheim</subfield>
            <subfield code="g">D-KWbeer</subfield>
         </datafield>
      </record>