
      <record>
         <leader>00000nz  a2200169   4500</leader>
         <controlfield tag="001">30070520</controlfield>
         <controlfield tag="003">RISM</controlfield>
         <controlfield tag="005">20160216</controlfield>
         <controlfield tag="008">160216n||az|||||||##########||||||||||||</controlfield>
         <datafield tag="040" ind1=" " ind2=" ">
            <subfield code="a">D-KWsr</subfield>
         </datafield>
         <datafield tag="043" ind1=" " ind2=" ">
            <subfield code="c">XA-DE</subfield>
         </datafield>
         <datafield tag="110" ind1="2" ind2=" ">
            <subfield code="a">Katholische Pfarrei St. Remigius</subfield>
            <subfield code="c">Königswinter</subfield>
            <subfield code="g">D-KWsr</subfield>
         </datafield>
         <datafield tag="622" ind1=" " ind2=" ">
            <subfield code="e">Katholische Pfarrei St. Remigius, Petersbergstr. 14, 53639 Königswinter, Germany</subfield>
            <subfield code="u">https://goo.gl/GIsSS1</subfield>
         </datafield>
      </record>