
      <record>
         <leader>00000nz  a2200169   4500</leader>
         <controlfield tag="001">30000861</controlfield>
         <controlfield tag="003">RISM</controlfield>
         <controlfield tag="005">20160216</controlfield>
         <controlfield tag="008">160216n||az|||||||##########||||||||||||</controlfield>
         <datafield tag="040" ind1=" " ind2=" ">
            <subfield code="a">D-KZs</subfield>
         </datafield>
         <datafield tag="043" ind1=" " ind2=" ">
            <subfield code="c">XA-DE</subfield>
         </datafield>
         <datafield tag="110" ind1="2" ind2=" ">
            <subfield code="a">Städtische Wessenberg-Bibliothek</subfield>
            <subfield code="c">Konstanz</subfield>
            <subfield code="g">D-KZs</subfield>
         </datafield>
         <datafield tag="580" ind1=" " ind2=" ">
            <subfield code="x">D-KZub</subfield>
            <subfield code="0">30080515</subfield>
         </datafield>
         <datafield tag="622" ind1=" " ind2=" ">
            <subfield code="u">http://www.ub.uni-konstanz.de/region/wessenberg-bibliothek.html</subfield>
         </datafield>
      </record>