
      <record>
         <leader>00000nz  a2200169   4500</leader>
         <controlfield tag="001">30000863</controlfield>
         <controlfield tag="003">RISM</controlfield>
         <controlfield tag="005">20160216</controlfield>
         <controlfield tag="008">160216n||az|||||||##########||||||||||||</controlfield>
         <datafield tag="040" ind1=" " ind2=" ">
            <subfield code="a">D-LA</subfield>
         </datafield>
         <datafield tag="043" ind1=" " ind2=" ">
            <subfield code="c">XA-DE</subfield>
         </datafield>
         <datafield tag="110" ind1="2" ind2=" ">
            <subfield code="a">Historischer Verein für Niederbayern, Bibliothek</subfield>
            <subfield code="c">Landshut</subfield>
            <subfield code="g">D-LA</subfield>
         </datafield>
         <datafield tag="622" ind1=" " ind2=" ">
            <subfield code="e">Historischer Verein für Niederbayern,,  Bibliothek, Luitpoldstr. 29a, 84034 Landshut, Germany</subfield>
            <subfield code="u">http://www.hv-niederbayern.de/</subfield>
         </datafield>
      </record>