
      <record>
         <leader>00000nz  a2200169   4500</leader>
         <controlfield tag="001">30003685</controlfield>
         <controlfield tag="003">RISM</controlfield>
         <controlfield tag="005">20160216</controlfield>
         <controlfield tag="008">160216n||az|||||||##########||||||||||||</controlfield>
         <datafield tag="040" ind1=" " ind2=" ">
            <subfield code="a">D-LAm</subfield>
         </datafield>
         <datafield tag="043" ind1=" " ind2=" ">
            <subfield code="c">XA-DE</subfield>
         </datafield>
         <datafield tag="110" ind1="2" ind2=" ">
            <subfield code="a">Kollegiatstift St. Martin</subfield>
            <subfield code="c">Landshut</subfield>
            <subfield code="g">D-LAm</subfield>
         </datafield>
         <datafield tag="410" ind1="2" ind2=" ">
            <subfield code="a">Pfarrei St. Martin</subfield>
         </datafield>
         <datafield tag="622" ind1=" " ind2=" ">
            <subfield code="e">Kollegiatstift St. Martin, Kirchgasse 232, 84028 Landshut, Germany</subfield>
            <subfield code="u">http://st.martin-landshut.de/</subfield>
         </datafield>
      </record>