
      <record>
         <leader>00000nz  a2200169   4500</leader>
         <controlfield tag="001">30000864</controlfield>
         <controlfield tag="003">RISM</controlfield>
         <controlfield tag="005">20160216</controlfield>
         <controlfield tag="008">160216n||az|||||||##########||||||||||||</controlfield>
         <datafield tag="040" ind1=" " ind2=" ">
            <subfield code="a">D-LANkrumbach</subfield>
         </datafield>
         <datafield tag="043" ind1=" " ind2=" ">
            <subfield code="c">XA-DE</subfield>
         </datafield>
         <datafield tag="110" ind1="2" ind2=" ">
            <subfield code="a">Privatbibliothek Wilhelm Krumbach</subfield>
            <subfield code="c">Landau in der Pfalz</subfield>
            <subfield code="g">D-LANkrumbach</subfield>
         </datafield>
         <datafield tag="622" ind1=" " ind2=" ">
            <subfield code="e">Privatbibliothek Wilhelm Krumbach, 76829 Landau in der Pfalz, Germany</subfield>
         </datafield>
      </record>