
      <record>
         <leader>00000nz  a2200169   4500</leader>
         <controlfield tag="001">30061571</controlfield>
         <controlfield tag="003">RISM</controlfield>
         <controlfield tag="005">20160216</controlfield>
         <controlfield tag="008">160216n||az|||||||##########||||||||||||</controlfield>
         <datafield tag="040" ind1=" " ind2=" ">
            <subfield code="a">D-LAs</subfield>
         </datafield>
         <datafield tag="043" ind1=" " ind2=" ">
            <subfield code="c">XA-DE</subfield>
         </datafield>
         <datafield tag="110" ind1="2" ind2=" ">
            <subfield code="a">Zisterzienserinnen-Abtei Seligenthal</subfield>
            <subfield code="c">Landshut</subfield>
            <subfield code="g">D-LAs</subfield>
         </datafield>
         <datafield tag="622" ind1=" " ind2=" ">
            <subfield code="e">Zisterzienserinnen-Abtei Seligenthal, Bismarckplatz 14, 84034 Landshut, Germany</subfield>
            <subfield code="u">http://www.seligenthal.de/</subfield>
         </datafield>
      </record>