
      <record>
         <leader>00000nz  a2200169   4500</leader>
         <controlfield tag="001">30000865</controlfield>
         <controlfield tag="003">RISM</controlfield>
         <controlfield tag="005">20160216</controlfield>
         <controlfield tag="008">160216n||az|||||||##########||||||||||||</controlfield>
         <datafield tag="040" ind1=" " ind2=" ">
            <subfield code="a">D-LAU</subfield>
         </datafield>
         <datafield tag="043" ind1=" " ind2=" ">
            <subfield code="c">XA-DE</subfield>
         </datafield>
         <datafield tag="110" ind1="2" ind2=" ">
            <subfield code="a">Gräflich Solms-Laubachsche Bibliothek</subfield>
            <subfield code="c">Laubach (Hessen)</subfield>
            <subfield code="g">D-LAU</subfield>
         </datafield>
         <datafield tag="622" ind1=" " ind2=" ">
            <subfield code="e">Gräflich Solms-Laubachsche Bibliothek, Schloss, 35321 Laubach (Hessen), Germany</subfield>
            <subfield code="u">http://www.schloss-laubach.de/</subfield>
         </datafield>
      </record>