
      <record>
         <leader>00000nz  a2200169   4500</leader>
         <controlfield tag="001">30002913</controlfield>
         <controlfield tag="003">RISM</controlfield>
         <controlfield tag="005">20160216</controlfield>
         <controlfield tag="008">160216n||az|||||||##########||||||||||||</controlfield>
         <datafield tag="040" ind1=" " ind2=" ">
            <subfield code="a">D-LAW</subfield>
         </datafield>
         <datafield tag="043" ind1=" " ind2=" ">
            <subfield code="c">XA-DE</subfield>
         </datafield>
         <datafield tag="110" ind1="2" ind2=" ">
            <subfield code="a">Evangelisch-Lutherische Kirchgemeinde, Pfarrarchiv</subfield>
            <subfield code="c">Langewiesen</subfield>
            <subfield code="g">D-LAW</subfield>
         </datafield>
         <datafield tag="622" ind1=" " ind2=" ">
            <subfield code="e">Evangelisch-Lutherische Kirchgemeinde,,  Pfarrarchiv, Pfarramt, Hauptstr. 42, 98704 Langewiesen, Germany</subfield>
            <subfield code="u">http://www.kirche-langewiesen-wolfsberg.de/</subfield>
         </datafield>
      </record>