
      <record>
         <leader>00000nz  a2200169   4500</leader>
         <controlfield tag="001">30000867</controlfield>
         <controlfield tag="003">RISM</controlfield>
         <controlfield tag="005">20160216</controlfield>
         <controlfield tag="008">160216n||az|||||||##########||||||||||||</controlfield>
         <datafield tag="040" ind1=" " ind2=" ">
            <subfield code="a">D-LCH</subfield>
         </datafield>
         <datafield tag="043" ind1=" " ind2=" ">
            <subfield code="c">XA-DE</subfield>
         </datafield>
         <datafield tag="110" ind1="2" ind2=" ">
            <subfield code="a">Schloss Lich, Fürstliche Bibliothek</subfield>
            <subfield code="c">Lich</subfield>
            <subfield code="g">D-LCH</subfield>
         </datafield>
         <datafield tag="622" ind1=" " ind2=" ">
            <subfield code="e">Schloss Lich, Fürstliche Bibliothek, (Rentkammer), Unterstadt 29, 35423 Lich, Germany</subfield>
         </datafield>
      </record>