
      <record>
         <leader>00000nz  a2200169   4500</leader>
         <controlfield tag="001">30000868</controlfield>
         <controlfield tag="003">RISM</controlfield>
         <controlfield tag="005">20160216</controlfield>
         <controlfield tag="008">160216n||az|||||||##########||||||||||||</controlfield>
         <datafield tag="040" ind1=" " ind2=" ">
            <subfield code="a">D-LDB</subfield>
         </datafield>
         <datafield tag="043" ind1=" " ind2=" ">
            <subfield code="c">XA-DE</subfield>
         </datafield>
         <datafield tag="110" ind1="2" ind2=" ">
            <subfield code="a">Stadtpfarrkirche Mariä Himmelfahrt</subfield>
            <subfield code="c">Landsberg am Lech</subfield>
            <subfield code="g">D-LDB</subfield>
         </datafield>
         <datafield tag="622" ind1=" " ind2=" ">
            <subfield code="e">Stadtpfarrkirche Mariä Himmelfahrt, Pfarrbüro, Ludwigstr. 167, 86899 Landsberg am Lech, Germany</subfield>
            <subfield code="u">http://www.pg-mariaehimmelfahrt.de/</subfield>
         </datafield>
      </record>