
      <record>
         <leader>00000nz  a2200169   4500</leader>
         <controlfield tag="001">30000900</controlfield>
         <controlfield tag="003">RISM</controlfield>
         <controlfield tag="005">20160216</controlfield>
         <controlfield tag="008">160216n||az|||||||##########||||||||||||</controlfield>
         <datafield tag="040" ind1=" " ind2=" ">
            <subfield code="a">D-LDBsm</subfield>
         </datafield>
         <datafield tag="043" ind1=" " ind2=" ">
            <subfield code="c">XA-DE</subfield>
         </datafield>
         <datafield tag="110" ind1="2" ind2=" ">
            <subfield code="a">Neues Stadtmuseum</subfield>
            <subfield code="c">Landsberg am Lech</subfield>
            <subfield code="g">D-LDBsm</subfield>
         </datafield>
         <datafield tag="622" ind1=" " ind2=" ">
            <subfield code="e">Neues Stadtmuseum, Von-Helfenstein-Gasse 426, 86899 Landsberg am Lech, Germany</subfield>
            <subfield code="u">http://stadtmuseum-landsberg.byseum.de/de/museen/neues-stadtmuseum</subfield>
         </datafield>
      </record>