
      <record>
         <leader>00000nz  a2200169   4500</leader>
         <controlfield tag="001">30061572</controlfield>
         <controlfield tag="003">RISM</controlfield>
         <controlfield tag="005">20160216</controlfield>
         <controlfield tag="008">160216n||az|||||||##########||||||||||||</controlfield>
         <datafield tag="040" ind1=" " ind2=" ">
            <subfield code="a">D-LDm</subfield>
         </datafield>
         <datafield tag="043" ind1=" " ind2=" ">
            <subfield code="c">XA-DE</subfield>
         </datafield>
         <datafield tag="110" ind1="2" ind2=" ">
            <subfield code="a">Katholische Pfarrei St. Martin</subfield>
            <subfield code="c">Lauingen an der Donau</subfield>
            <subfield code="g">D-LDm</subfield>
         </datafield>
         <datafield tag="622" ind1=" " ind2=" ">
            <subfield code="e">Katholische Pfarrei St. Martin, Pfarrbüro, Herzog-Georg-Straße 49, 89415 Lauingen an der Donau, Germany</subfield>
            <subfield code="u">http://www.pfarrei-lauingen.de</subfield>
         </datafield>
      </record>