
      <record>
         <leader>00000nz  a2200169   4500</leader>
         <controlfield tag="001">30000052</controlfield>
         <controlfield tag="003">RISM</controlfield>
         <controlfield tag="005">20160216</controlfield>
         <controlfield tag="008">160216n||az|||||||##########||||||||||||</controlfield>
         <datafield tag="040" ind1=" " ind2=" ">
            <subfield code="a">D-LEb</subfield>
         </datafield>
         <datafield tag="043" ind1=" " ind2=" ">
            <subfield code="c">XA-DE</subfield>
         </datafield>
         <datafield tag="110" ind1="2" ind2=" ">
            <subfield code="a">Bach-Archiv</subfield>
            <subfield code="c">Leipzig</subfield>
            <subfield code="g">D-LEb</subfield>
         </datafield>
         <datafield tag="410" ind1="2" ind2=" ">
            <subfield code="a">Nationale Forschungs- und Gedenkstätten J. S. Bach, Bach-Archiv</subfield>
         </datafield>
         <datafield tag="622" ind1=" " ind2=" ">
            <subfield code="e">Bach-Archiv, Thomaskirchhof 15-16, 04109 Leipzig, Germany</subfield>
            <subfield code="u">http://www.bach-leipzig.de</subfield>
         </datafield>
      </record>