
      <record>
         <leader>00000nz  a2200169   4500</leader>
         <controlfield tag="001">30080541</controlfield>
         <controlfield tag="003">RISM</controlfield>
         <controlfield tag="005">20160216</controlfield>
         <controlfield tag="008">160216n||az|||||||##########||||||||||||</controlfield>
         <datafield tag="040" ind1=" " ind2=" ">
            <subfield code="a">D-LEcfpa</subfield>
         </datafield>
         <datafield tag="043" ind1=" " ind2=" ">
            <subfield code="c">XA-DE</subfield>
         </datafield>
         <datafield tag="110" ind1="2" ind2=" ">
            <subfield code="a">C. F. Peters Ltd &amp; Co. KG, Archiv</subfield>
            <subfield code="c">Leipzig</subfield>
            <subfield code="g">D-LEcfpa</subfield>
         </datafield>
         <datafield tag="622" ind1=" " ind2=" ">
            <subfield code="e">C. F. Peters Ltd &amp; Co. KG, Archiv, Talstraße 10, 04103 Leipzig, Germany</subfield>
            <subfield code="u">https://www.edition-peters.de/</subfield>
         </datafield>
      </record>