
      <record>
         <leader>00000nz  a2200169   4500</leader>
         <controlfield tag="001">30003270</controlfield>
         <controlfield tag="003">RISM</controlfield>
         <controlfield tag="005">20160216</controlfield>
         <controlfield tag="008">160216n||az|||||||##########||||||||||||</controlfield>
         <datafield tag="040" ind1=" " ind2=" ">
            <subfield code="a">D-LEdb</subfield>
         </datafield>
         <datafield tag="043" ind1=" " ind2=" ">
            <subfield code="c">XA-DE</subfield>
         </datafield>
         <datafield tag="110" ind1="2" ind2=" ">
            <subfield code="a">Deutsche Nationalbibliothek</subfield>
            <subfield code="c">Leipzig</subfield>
            <subfield code="g">D-LEdb</subfield>
         </datafield>
         <datafield tag="410" ind1="2" ind2=" ">
            <subfield code="a">Deutsche Bibliothek</subfield>
         </datafield>
         <datafield tag="410" ind1="2" ind2=" ">
            <subfield code="a">früher: Deutsche Bücherei, Musikaliensammlung</subfield>
         </datafield>
         <datafield tag="622" ind1=" " ind2=" ">
            <subfield code="e">Deutsche Nationalbibliothek, Deutscher Platz 1, 04103 Leipzig, Germany</subfield>
            <subfield code="u">http://www.d-nb.de</subfield>
         </datafield>
      </record>