
      <record>
         <leader>00000nz  a2200169   4500</leader>
         <controlfield tag="001">30061524</controlfield>
         <controlfield tag="003">RISM</controlfield>
         <controlfield tag="005">20160216</controlfield>
         <controlfield tag="008">160216n||az|||||||##########||||||||||||</controlfield>
         <datafield tag="040" ind1=" " ind2=" ">
            <subfield code="a">D-LEg</subfield>
         </datafield>
         <datafield tag="043" ind1=" " ind2=" ">
            <subfield code="c">XA-DE</subfield>
         </datafield>
         <datafield tag="110" ind1="2" ind2=" ">
            <subfield code="a">Gewandhaus zu Leipzig, Archiv</subfield>
            <subfield code="c">Leipzig</subfield>
            <subfield code="g">D-LEg</subfield>
         </datafield>
         <datafield tag="622" ind1=" " ind2=" ">
            <subfield code="e">Gewandhaus zu Leipzig, Archiv, Augustusplatz 8, 04109 Leipzig, Germany</subfield>
            <subfield code="u">http://www.gewandhaus.de</subfield>
         </datafield>
      </record>