
      <record>
         <leader>00000nz  a2200169   4500</leader>
         <controlfield tag="001">30001211</controlfield>
         <controlfield tag="003">RISM</controlfield>
         <controlfield tag="005">20160216</controlfield>
         <controlfield tag="008">160216n||az|||||||##########||||||||||||</controlfield>
         <datafield tag="040" ind1=" " ind2=" ">
            <subfield code="a">D-LEI</subfield>
         </datafield>
         <datafield tag="043" ind1=" " ind2=" ">
            <subfield code="c">XA-DE</subfield>
         </datafield>
         <datafield tag="110" ind1="2" ind2=" ">
            <subfield code="a">Evangelisch-Lutherische Kirchengemeinde St. Matthäi, Kantoreiarchiv</subfield>
            <subfield code="c">Leisnig</subfield>
            <subfield code="g">D-LEI</subfield>
         </datafield>
         <datafield tag="410" ind1="2" ind2=" ">
            <subfield code="a">Evangelisch-Lutherische Kirchgemeinde Leisnig</subfield>
         </datafield>
         <datafield tag="622" ind1=" " ind2=" ">
            <subfield code="e">Evangelisch-Lutherische Kirchengemeinde,  St. Matthäi, Kantoreiarchiv, Kirchplatz 4, 04703 Leisnig, Germany</subfield>
            <subfield code="u">http://www.kirche-leisnig.de/</subfield>
         </datafield>
      </record>