
      <record>
         <leader>00000nz  a2200169   4500</leader>
         <controlfield tag="001">30002914</controlfield>
         <controlfield tag="003">RISM</controlfield>
         <controlfield tag="005">20160216</controlfield>
         <controlfield tag="008">160216n||az|||||||##########||||||||||||</controlfield>
         <datafield tag="040" ind1=" " ind2=" ">
            <subfield code="a">D-LEIL</subfield>
         </datafield>
         <datafield tag="043" ind1=" " ind2=" ">
            <subfield code="c">XA-DE</subfield>
         </datafield>
         <datafield tag="110" ind1="2" ind2=" ">
            <subfield code="a">Kirchspiel Camburg-Leislau, Evangelische Kirchengemeinde Leislau, Pfarrarchiv</subfield>
            <subfield code="c">Leislau</subfield>
            <subfield code="g">D-LEIL</subfield>
         </datafield>
         <datafield tag="622" ind1=" " ind2=" ">
            <subfield code="e">Kirchspiel Camburg-Leislau, Evangelische,  Kirchengemeinde Leislau, Pfarrarchiv, Pfarrhaus, Dorfstr. 20, 06618 Leislau, Germany</subfield>
            <subfield code="u">http://goo.gl/AxDc7x</subfield>
         </datafield>
      </record>