
      <record>
         <leader>00000nz  a2200169   4500</leader>
         <controlfield tag="001">30080227</controlfield>
         <controlfield tag="003">RISM</controlfield>
         <controlfield tag="005">20160216</controlfield>
         <controlfield tag="008">160216n||az|||||||##########||||||||||||</controlfield>
         <datafield tag="040" ind1=" " ind2=" ">
            <subfield code="a">D-LEka</subfield>
         </datafield>
         <datafield tag="043" ind1=" " ind2=" ">
            <subfield code="c">XA-DE</subfield>
         </datafield>
         <datafield tag="110" ind1="2" ind2=" ">
            <subfield code="a">Kirchliches Archiv</subfield>
            <subfield code="c">Leipzig</subfield>
            <subfield code="g">D-LEka</subfield>
         </datafield>
         <datafield tag="410" ind1="2" ind2=" ">
            <subfield code="a">Ephoralarchiv</subfield>
         </datafield>
         <datafield tag="622" ind1=" " ind2=" ">
            <subfield code="e">Kirchliches Archiv, Burgstraße 1-5, 04109 Leipzig, Germany</subfield>
            <subfield code="u">http://www.kirche-leipzig.de/index.php?ID=4989&amp;style=1</subfield>
         </datafield>
      </record>