
      <record>
         <leader>00000nz  a2200169   4500</leader>
         <controlfield tag="001">30000053</controlfield>
         <controlfield tag="003">RISM</controlfield>
         <controlfield tag="005">20160216</controlfield>
         <controlfield tag="008">160216n||az|||||||##########||||||||||||</controlfield>
         <datafield tag="040" ind1=" " ind2=" ">
            <subfield code="a">D-LEm</subfield>
         </datafield>
         <datafield tag="043" ind1=" " ind2=" ">
            <subfield code="c">XA-DE</subfield>
         </datafield>
         <datafield tag="110" ind1="2" ind2=" ">
            <subfield code="a">Leipziger Stadtbibliothek - Musikbibliothek</subfield>
            <subfield code="c">Leipzig</subfield>
            <subfield code="g">D-LEm</subfield>
         </datafield>
         <datafield tag="410" ind1="2" ind2=" ">
            <subfield code="a">Städtische Bibliotheken, Musikbibliothek</subfield>
         </datafield>
         <datafield tag="622" ind1=" " ind2=" ">
            <subfield code="e">Leipziger Stadtbibliothek -,  Musikbibliothek, Wilhelm-Leuschner-Platz 10/11, 04107 Leipzig, Germany</subfield>
            <subfield code="u">http://www.leipzig.de/de/buerger/bildung/bib/sbib/stadtbib/</subfield>
         </datafield>
         <datafield tag="710" ind1="2" ind2=" ">
            <subfield code="a">Leipziger Stadtbibliothek</subfield>
            <subfield code="0">30002859</subfield>
         </datafield>
      </record>