
      <record>
         <leader>00000nz  a2200169   4500</leader>
         <controlfield tag="001">30001207</controlfield>
         <controlfield tag="003">RISM</controlfield>
         <controlfield tag="005">20160216</controlfield>
         <controlfield tag="008">160216n||az|||||||##########||||||||||||</controlfield>
         <datafield tag="040" ind1=" " ind2=" ">
            <subfield code="a">D-LEmh</subfield>
         </datafield>
         <datafield tag="043" ind1=" " ind2=" ">
            <subfield code="c">XA-DE</subfield>
         </datafield>
         <datafield tag="110" ind1="2" ind2=" ">
            <subfield code="a">Hochschule für Musik und Theater 'Felix Mendelssohn Bartholdy', Hochschulbibliothek</subfield>
            <subfield code="c">Leipzig</subfield>
            <subfield code="g">D-LEmh</subfield>
         </datafield>
         <datafield tag="410" ind1="2" ind2=" ">
            <subfield code="a">Conservatorium für Musik</subfield>
         </datafield>
         <datafield tag="410" ind1="2" ind2=" ">
            <subfield code="a">Staatliche Hochschule für Musik</subfield>
         </datafield>
         <datafield tag="622" ind1=" " ind2=" ">
            <subfield code="e">Hochschule für Musik und Theater 'Felix,  Mendelssohn Bartholdy',,  Hochschulbibliothek, Grassistraße 8, 04107 Leipzig, Germany</subfield>
            <subfield code="u">http://www.hmt-leipzig.de/hmt/bibliothek</subfield>
         </datafield>
      </record>