
      <record>
         <leader>00000nz  a2200169   4500</leader>
         <controlfield tag="001">30000054</controlfield>
         <controlfield tag="003">RISM</controlfield>
         <controlfield tag="005">20160216</controlfield>
         <controlfield tag="008">160216n||az|||||||##########||||||||||||</controlfield>
         <datafield tag="040" ind1=" " ind2=" ">
            <subfield code="a">D-LEmi</subfield>
         </datafield>
         <datafield tag="043" ind1=" " ind2=" ">
            <subfield code="c">XA-DE</subfield>
         </datafield>
         <datafield tag="110" ind1="2" ind2=" ">
            <subfield code="a">Universität, Zweigbibliothek Musikwissenschaft und Musikpädagogik</subfield>
            <subfield code="c">Leipzig</subfield>
            <subfield code="g">D-LEmi</subfield>
         </datafield>
         <datafield tag="410" ind1="2" ind2=" ">
            <subfield code="a">Sektion Kulturwissenschaften und Germanistik der Karl-Marx-Universität, Bibliothek</subfield>
         </datafield>
         <datafield tag="410" ind1="2" ind2=" ">
            <subfield code="a">Karl-Marx-Universität, Universitätsbibliothek, Bibliothek des ehem. Instituts für Musikwissenschaft</subfield>
         </datafield>
         <datafield tag="410" ind1="2" ind2=" ">
            <subfield code="a">Institut für Musikwissenschaft und Musikinstrumentenmuseum, Bibliothek</subfield>
         </datafield>
         <datafield tag="580" ind1=" " ind2=" ">
            <subfield code="x">D-LEu</subfield>
            <subfield code="0">30001210</subfield>
         </datafield>
         <datafield tag="622" ind1=" " ind2=" ">
            <subfield code="e">Universität, Zweigbibliothek,  Musikwissenschaft und Musikpädagogik, Mendelssohn-Haus, Goldschmidtr. 12, 04103 Leipzig, Germany</subfield>
            <subfield code="u">https://www.ub.uni-leipzig.de/start/</subfield>
         </datafield>
      </record>