
      <record>
         <leader>00000nz  a2200169   4500</leader>
         <controlfield tag="001">30003800</controlfield>
         <controlfield tag="003">RISM</controlfield>
         <controlfield tag="005">20160216</controlfield>
         <controlfield tag="008">160216n||az|||||||##########||||||||||||</controlfield>
         <datafield tag="040" ind1=" " ind2=" ">
            <subfield code="a">D-LENp</subfield>
         </datafield>
         <datafield tag="043" ind1=" " ind2=" ">
            <subfield code="c">XA-DE</subfield>
         </datafield>
         <datafield tag="110" ind1="2" ind2=" ">
            <subfield code="a">Evangelisch-Lutherische Boxberggemeinde Sundhausen, Kirchengemeinde Leina, Pfarrarchiv</subfield>
            <subfield code="c">Leina (Leinatal)</subfield>
            <subfield code="g">D-LENp</subfield>
         </datafield>
         <datafield tag="622" ind1=" " ind2=" ">
            <subfield code="e">Evangelisch-Lutherische Boxberggemeinde,  Sundhausen, Kirchengemeinde Leina,,  Pfarrarchiv, c/o Pfarramt Sundhausen, Pfarrstr. 5, 99867 Gotha-Sundhausen, Germany</subfield>
            <subfield code="u">http://goo.gl/VJVi2N</subfield>
         </datafield>
      </record>