
      <record>
         <leader>00000nz  a2200169   4500</leader>
         <controlfield tag="001">30006023</controlfield>
         <controlfield tag="003">RISM</controlfield>
         <controlfield tag="005">20160216</controlfield>
         <controlfield tag="008">160216n||az|||||||##########||||||||||||</controlfield>
         <datafield tag="040" ind1=" " ind2=" ">
            <subfield code="a">D-LEsch</subfield>
         </datafield>
         <datafield tag="043" ind1=" " ind2=" ">
            <subfield code="c">XA-DE</subfield>
         </datafield>
         <datafield tag="110" ind1="2" ind2=" ">
            <subfield code="a">Schauspiel</subfield>
            <subfield code="c">Leipzig</subfield>
            <subfield code="g">D-LEsch</subfield>
         </datafield>
         <datafield tag="410" ind1="2" ind2=" ">
            <subfield code="a">Schauspielhaus</subfield>
         </datafield>
         <datafield tag="622" ind1=" " ind2=" ">
            <subfield code="e">Schauspiel, Bosestr. 1, 04109 Leipzig, Germany</subfield>
            <subfield code="u">http://www.schauspiel-leipzig.de/service/</subfield>
         </datafield>
      </record>