
      <record>
         <leader>00000nz  a2200169   4500</leader>
         <controlfield tag="001">30000174</controlfield>
         <controlfield tag="003">RISM</controlfield>
         <controlfield tag="005">20160216</controlfield>
         <controlfield tag="008">160216n||az|||||||##########||||||||||||</controlfield>
         <datafield tag="040" ind1=" " ind2=" ">
            <subfield code="a">D-LEsm</subfield>
         </datafield>
         <datafield tag="043" ind1=" " ind2=" ">
            <subfield code="c">XA-DE</subfield>
         </datafield>
         <datafield tag="110" ind1="2" ind2=" ">
            <subfield code="a">Stadtgeschichtliches Museum, Bibliothek</subfield>
            <subfield code="c">Leipzig</subfield>
            <subfield code="g">D-LEsm</subfield>
         </datafield>
         <datafield tag="622" ind1=" " ind2=" ">
            <subfield code="e">Stadtgeschichtliches Museum, Bibliothek, Böttchergäßchen 3, 04109 Leipzig, Germany</subfield>
            <subfield code="u">http://www.stadtgeschichtliches-museum-leipzig.de</subfield>
         </datafield>
      </record>