
      <record>
         <leader>00000nz  a2200169   4500</leader>
         <controlfield tag="001">30001208</controlfield>
         <controlfield tag="003">RISM</controlfield>
         <controlfield tag="005">20160216</controlfield>
         <controlfield tag="008">160216n||az|||||||##########||||||||||||</controlfield>
         <datafield tag="040" ind1=" " ind2=" ">
            <subfield code="a">D-LEt</subfield>
         </datafield>
         <datafield tag="043" ind1=" " ind2=" ">
            <subfield code="c">XA-DE</subfield>
         </datafield>
         <datafield tag="110" ind1="2" ind2=" ">
            <subfield code="a">Thomanerchor, Bibliothek</subfield>
            <subfield code="c">Leipzig</subfield>
            <subfield code="g">D-LEt</subfield>
         </datafield>
         <datafield tag="410" ind1="2" ind2=" ">
            <subfield code="a">Bibliothek der Thomasschule (Alumnat)</subfield>
         </datafield>
         <datafield tag="580" ind1=" " ind2=" ">
            <subfield code="x">D-LEb</subfield>
            <subfield code="0">30000052</subfield>
         </datafield>
      </record>