
      <record>
         <leader>00000nz  a2200169   4500</leader>
         <controlfield tag="001">30003752</controlfield>
         <controlfield tag="003">RISM</controlfield>
         <controlfield tag="005">20160216</controlfield>
         <controlfield tag="008">160216n||az|||||||##########||||||||||||</controlfield>
         <datafield tag="040" ind1=" " ind2=" ">
            <subfield code="a">D-LEU</subfield>
         </datafield>
         <datafield tag="043" ind1=" " ind2=" ">
            <subfield code="c">XA-DE</subfield>
         </datafield>
         <datafield tag="110" ind1="2" ind2=" ">
            <subfield code="a">Evangelische Regionalgemeinde Weißensee, Kirchengemeinde Leubingen, Pfarrarchiv</subfield>
            <subfield code="c">Sömmerda-Leubingen</subfield>
            <subfield code="g">D-LEU</subfield>
         </datafield>
         <datafield tag="622" ind1=" " ind2=" ">
            <subfield code="e">Evangelische Regionalgemeinde Weißensee,,  Kirchengemeinde Leubingen, Pfarrarchiv, Pfarrer Klaus Nikolaus, Kölledaer Str. 11, 99610 Leubingen, Germany</subfield>
            <subfield code="u">http://goo.gl/0IUN2N</subfield>
         </datafield>
      </record>