
      <record>
         <leader>00000nz  a2200169   4500</leader>
         <controlfield tag="001">30001210</controlfield>
         <controlfield tag="003">RISM</controlfield>
         <controlfield tag="005">20160216</controlfield>
         <controlfield tag="008">160216n||az|||||||##########||||||||||||</controlfield>
         <datafield tag="040" ind1=" " ind2=" ">
            <subfield code="a">D-LEu</subfield>
         </datafield>
         <datafield tag="043" ind1=" " ind2=" ">
            <subfield code="c">XA-DE</subfield>
         </datafield>
         <datafield tag="110" ind1="2" ind2=" ">
            <subfield code="a">Universitätsbibliothek, "Bibliotheca Albertina"</subfield>
            <subfield code="c">Leipzig</subfield>
            <subfield code="g">D-LEu</subfield>
         </datafield>
         <datafield tag="410" ind1="2" ind2=" ">
            <subfield code="a">Universitätsbibliothek der Karl-Marx-Universität, Fachreferat Musik</subfield>
         </datafield>
         <datafield tag="410" ind1="2" ind2=" ">
            <subfield code="a">Universitätsbibliothek der Universität zu Leipzig, Fachreferat Musik</subfield>
         </datafield>
         <datafield tag="580" ind1=" " ind2=" ">
            <subfield code="x">D-Dl</subfield>
            <subfield code="0">30000042</subfield>
         </datafield>
         <datafield tag="622" ind1=" " ind2=" ">
            <subfield code="e">Universitätsbibliothek, "Bibliotheca,  Albertina", Beethovenstraße 6, 04107 Leipzig, Germany</subfield>
            <subfield code="u">http://www.ub.uni-leipzig.de/</subfield>
         </datafield>
         <datafield tag="710" ind1="2" ind2=" ">
            <subfield code="a">Stadtkirche St. Nikolai, Kantoreibibliothek</subfield>
            <subfield code="0">30000164</subfield>
         </datafield>
         <datafield tag="710" ind1="2" ind2=" ">
            <subfield code="a">Leipziger Stadtbibliothek</subfield>
            <subfield code="0">30002859</subfield>
         </datafield>
      </record>