
      <record>
         <leader>00000nz  a2200169   4500</leader>
         <controlfield tag="001">30080226</controlfield>
         <controlfield tag="003">RISM</controlfield>
         <controlfield tag="005">20160216</controlfield>
         <controlfield tag="008">160216n||az|||||||##########||||||||||||</controlfield>
         <datafield tag="040" ind1=" " ind2=" ">
            <subfield code="a">D-LEua</subfield>
         </datafield>
         <datafield tag="043" ind1=" " ind2=" ">
            <subfield code="c">XA-DE</subfield>
         </datafield>
         <datafield tag="110" ind1="2" ind2=" ">
            <subfield code="a">Universitätsarchiv</subfield>
            <subfield code="c">Leipzig</subfield>
            <subfield code="g">D-LEua</subfield>
         </datafield>
         <datafield tag="622" ind1=" " ind2=" ">
            <subfield code="e">Universitätsarchiv, Prager Straße 6, 04103 Leipzig, Germany</subfield>
            <subfield code="u">https://www.archiv.uni-leipzig.de/</subfield>
         </datafield>
      </record>