
      <record>
         <leader>00000nz  a2200169   4500</leader>
         <controlfield tag="001">30000869</controlfield>
         <controlfield tag="003">RISM</controlfield>
         <controlfield tag="005">20160216</controlfield>
         <controlfield tag="008">160216n||az|||||||##########||||||||||||</controlfield>
         <datafield tag="040" ind1=" " ind2=" ">
            <subfield code="a">D-LFN</subfield>
         </datafield>
         <datafield tag="043" ind1=" " ind2=" ">
            <subfield code="c">XA-DE</subfield>
         </datafield>
         <datafield tag="110" ind1="2" ind2=" ">
            <subfield code="a">Stiftsarchiv Laufen, Bibliothek</subfield>
            <subfield code="c">Laufen an der Salzach</subfield>
            <subfield code="g">D-LFN</subfield>
         </datafield>
         <datafield tag="410" ind1="2" ind2=" ">
            <subfield code="a">Kollegiatstift Maria Himmelfahrt</subfield>
         </datafield>
         <datafield tag="622" ind1=" " ind2=" ">
            <subfield code="e">Stiftsarchiv Laufen, Bibliothek, Spannbruckerplatz 6, 83410 Laufen an der Salzach, Germany</subfield>
            <subfield code="u">http://www.pfarrverband-laufen.de/</subfield>
         </datafield>
      </record>