
      <record>
         <leader>00000nz  a2200169   4500</leader>
         <controlfield tag="001">30003799</controlfield>
         <controlfield tag="003">RISM</controlfield>
         <controlfield tag="005">20160216</controlfield>
         <controlfield tag="008">160216n||az|||||||##########||||||||||||</controlfield>
         <datafield tag="040" ind1=" " ind2=" ">
            <subfield code="a">D-LGDp</subfield>
         </datafield>
         <datafield tag="043" ind1=" " ind2=" ">
            <subfield code="c">XA-DE</subfield>
         </datafield>
         <datafield tag="110" ind1="2" ind2=" ">
            <subfield code="a">Kirchspiel Langendorf, Pfarrarchiv</subfield>
            <subfield code="c">Weißenfels-Langendorf</subfield>
            <subfield code="g">D-LGDp</subfield>
         </datafield>
         <datafield tag="622" ind1=" " ind2=" ">
            <subfield code="e">Kirchspiel Langendorf, Pfarrarchiv, Gemeindebüro im Küsterhaus, Kirchbergstraße 7, 06667 Weißenfels-Langendorf, Germany</subfield>
            <subfield code="u">http://www.kirche-bei-uns.de/</subfield>
         </datafield>
      </record>