
      <record>
         <leader>00000nz  a2200169   4500</leader>
         <controlfield tag="001">30001212</controlfield>
         <controlfield tag="003">RISM</controlfield>
         <controlfield tag="005">20160216</controlfield>
         <controlfield tag="008">160216n||az|||||||##########||||||||||||</controlfield>
         <datafield tag="040" ind1=" " ind2=" ">
            <subfield code="a">D-LH</subfield>
         </datafield>
         <datafield tag="043" ind1=" " ind2=" ">
            <subfield code="c">XA-DE</subfield>
         </datafield>
         <datafield tag="110" ind1="2" ind2=" ">
            <subfield code="a">St. Maria-Magdalena Langenhain, Pfarrarchiv</subfield>
            <subfield code="c">Langenhain (Waltershausen)</subfield>
            <subfield code="g">D-LH</subfield>
         </datafield>
         <datafield tag="622" ind1=" " ind2=" ">
            <subfield code="e">Postanschrift:, St. Maria-Magdalena Langenhain,,  Pfarrarchiv, Pfarramt Waltershausen II, Schulplatz 16, 99880 Waltershausen, Germany</subfield>
            <subfield code="u">http://www.suptur.de/verzeichnis/visitenkarte.php?mandat=103195</subfield>
         </datafield>
      </record>