
      <record>
         <leader>00000nz  a2200169   4500</leader>
         <controlfield tag="001">30001213</controlfield>
         <controlfield tag="003">RISM</controlfield>
         <controlfield tag="005">20160216</controlfield>
         <controlfield tag="008">160216n||az|||||||##########||||||||||||</controlfield>
         <datafield tag="040" ind1=" " ind2=" ">
            <subfield code="a">D-LHD</subfield>
         </datafield>
         <datafield tag="043" ind1=" " ind2=" ">
            <subfield code="c">XA-DE</subfield>
         </datafield>
         <datafield tag="110" ind1="2" ind2=" ">
            <subfield code="a">Evangelisch-Lutherische Kirchgemeinde, Pfarrarchiv</subfield>
            <subfield code="c">Langhennersdorf (Oberschöna)</subfield>
            <subfield code="g">D-LHD</subfield>
         </datafield>
         <datafield tag="622" ind1=" " ind2=" ">
            <subfield code="e">Evangelisch-Lutherische Kirchgemeinde,,  Pfarrarchiv, GT Langhennersdorf, Hauptstraße 160, 09600 Oberschöna, Germany</subfield>
            <subfield code="u">http://kirchenbezirk-freiberg.de/kirchgemeinden/langhennersdorf</subfield>
         </datafield>
      </record>