
      <record>
         <leader>00000nz  a2200169   4500</leader>
         <controlfield tag="001">30000870</controlfield>
         <controlfield tag="003">RISM</controlfield>
         <controlfield tag="005">20160216</controlfield>
         <controlfield tag="008">160216n||az|||||||##########||||||||||||</controlfield>
         <datafield tag="040" ind1=" " ind2=" ">
            <subfield code="a">D-LI</subfield>
         </datafield>
         <datafield tag="043" ind1=" " ind2=" ">
            <subfield code="c">XA-DE</subfield>
         </datafield>
         <datafield tag="110" ind1="2" ind2=" ">
            <subfield code="a">Stadtbücherei</subfield>
            <subfield code="c">Lindau (Bodensee)</subfield>
            <subfield code="g">D-LI</subfield>
         </datafield>
         <datafield tag="410" ind1="2" ind2=" ">
            <subfield code="a">Stadtbibliothek</subfield>
         </datafield>
         <datafield tag="622" ind1=" " ind2=" ">
            <subfield code="e">Stadtbücherei, Postgebäude - Eingang über den Hof, Maximilianstr. 52, 88131 Lindau (Bodensee), Germany</subfield>
            <subfield code="u">http://www.lindau.de/Kunst-Kultur/Stadtb%C3%BCcherei</subfield>
         </datafield>
      </record>