
      <record>
         <leader>00000nz  a2200169   4500</leader>
         <controlfield tag="001">30002915</controlfield>
         <controlfield tag="003">RISM</controlfield>
         <controlfield tag="005">20160216</controlfield>
         <controlfield tag="008">160216n||az|||||||##########||||||||||||</controlfield>
         <datafield tag="040" ind1=" " ind2=" ">
            <subfield code="a">D-LIEST</subfield>
         </datafield>
         <datafield tag="043" ind1=" " ind2=" ">
            <subfield code="c">XA-DE</subfield>
         </datafield>
         <datafield tag="110" ind1="2" ind2=" ">
            <subfield code="a">Pfarrarchiv</subfield>
            <subfield code="c">Liebstedt (Ilmtal-Weinstraße)</subfield>
            <subfield code="g">D-LIEST</subfield>
         </datafield>
         <datafield tag="622" ind1=" " ind2=" ">
            <subfield code="e">Pfarrarchiv, 99510 Liebstedt (Ilmtal-Weinstraße), Germany</subfield>
         </datafield>
      </record>