
      <record>
         <leader>00000nz  a2200169   4500</leader>
         <controlfield tag="001">30000203</controlfield>
         <controlfield tag="003">RISM</controlfield>
         <controlfield tag="005">20160216</controlfield>
         <controlfield tag="008">160216n||az|||||||##########||||||||||||</controlfield>
         <datafield tag="040" ind1=" " ind2=" ">
            <subfield code="a">D-LIM</subfield>
         </datafield>
         <datafield tag="043" ind1=" " ind2=" ">
            <subfield code="c">XA-DE</subfield>
         </datafield>
         <datafield tag="110" ind1="2" ind2=" ">
            <subfield code="a">Kath. Pfarrei Mariä Heimsuchung Limbach</subfield>
            <subfield code="c">Limbach (Eltmann)</subfield>
            <subfield code="g">D-LIM</subfield>
         </datafield>
         <datafield tag="410" ind1="2" ind2=" ">
            <subfield code="a">Kath. Wallfahrtskirche Mariä Heimsuchung (Maria Limbach)</subfield>
         </datafield>
         <datafield tag="622" ind1=" " ind2=" ">
            <subfield code="e">Kath. Pfarrei Mariä Heimsuchung Limbach, Hauptstraße 44, 97483 Limbach (Eltmann), Germany</subfield>
         </datafield>
      </record>