
      <record>
         <leader>00000nz  a2200169   4500</leader>
         <controlfield tag="001">30000871</controlfield>
         <controlfield tag="003">RISM</controlfield>
         <controlfield tag="005">20160216</controlfield>
         <controlfield tag="008">160216n||az|||||||##########||||||||||||</controlfield>
         <datafield tag="040" ind1=" " ind2=" ">
            <subfield code="a">D-LImh</subfield>
         </datafield>
         <datafield tag="043" ind1=" " ind2=" ">
            <subfield code="c">XA-DE</subfield>
         </datafield>
         <datafield tag="110" ind1="2" ind2=" ">
            <subfield code="a">Pfarrkirche Maria Himmelfahrt, Notenarchiv der Kantorei</subfield>
            <subfield code="c">Lindau (Bodensee)</subfield>
            <subfield code="g">D-LImh</subfield>
         </datafield>
         <datafield tag="622" ind1=" " ind2=" ">
            <subfield code="e">Pfarrkirche Maria Himmelfahrt,,  Notenarchiv der Kantorei, Pfarrbüro, Fischergasse 12, 88131 Lindau (Bodensee), Germany</subfield>
            <subfield code="u">http://www.muenster-musik.de/de/Willkommen/</subfield>
         </datafield>
      </record>