
      <record>
         <leader>00000nz  a2200169   4500</leader>
         <controlfield tag="001">30002916</controlfield>
         <controlfield tag="003">RISM</controlfield>
         <controlfield tag="005">20160216</controlfield>
         <controlfield tag="008">160216n||az|||||||##########||||||||||||</controlfield>
         <datafield tag="040" ind1=" " ind2=" ">
            <subfield code="a">D-LIR</subfield>
         </datafield>
         <datafield tag="043" ind1=" " ind2=" ">
            <subfield code="c">XA-DE</subfield>
         </datafield>
         <datafield tag="110" ind1="2" ind2=" ">
            <subfield code="a">Evangelische Kirchengemeinde Liebenrode, Pfarrarchiv</subfield>
            <subfield code="c">Hohenstein (Thüringen)-Liebenrode</subfield>
            <subfield code="g">D-LIR</subfield>
         </datafield>
         <datafield tag="622" ind1=" " ind2=" ">
            <subfield code="e">Evangelische Kirchengemeinde Liebenrode,,  Pfarrarchiv, Pfarramt, Liebenroder Schulberg 3, 99755 Hohenstein (Thüringen)-Liebenrode, Germany</subfield>
            <subfield code="u">http://www.ev-kirchenkreis-suedharz.de/</subfield>
         </datafield>
      </record>