
      <record>
         <leader>00000nz  a2200169   4500</leader>
         <controlfield tag="001">30080516</controlfield>
         <controlfield tag="003">RISM</controlfield>
         <controlfield tag="005">20160216</controlfield>
         <controlfield tag="008">160216n||az|||||||##########||||||||||||</controlfield>
         <datafield tag="040" ind1=" " ind2=" ">
            <subfield code="a">D-LIrb</subfield>
         </datafield>
         <datafield tag="043" ind1=" " ind2=" ">
            <subfield code="c">XA-DE</subfield>
         </datafield>
         <datafield tag="110" ind1="2" ind2=" ">
            <subfield code="a">Ehemals Reichsstädtische Bibliothek</subfield>
            <subfield code="c">Lindau (Bodensee)</subfield>
            <subfield code="g">D-LIrb</subfield>
         </datafield>
         <datafield tag="580" ind1=" " ind2=" ">
            <subfield code="x">D-LIs</subfield>
            <subfield code="0">30006631</subfield>
         </datafield>
         <datafield tag="622" ind1=" " ind2=" ">
            <subfield code="e">Ehemals Reichsstädtische Bibliothek, Reichsplatz, 88131 Lindau (Bodensee), Germany</subfield>
            <subfield code="u">http://www.lindau.de/Kunst-Kultur/Reichsst%C3%A4dtische-Bibliothek</subfield>
         </datafield>
      </record>