
      <record>
         <leader>00000nz  a2200169   4500</leader>
         <controlfield tag="001">30006631</controlfield>
         <controlfield tag="003">RISM</controlfield>
         <controlfield tag="005">20160216</controlfield>
         <controlfield tag="008">160216n||az|||||||##########||||||||||||</controlfield>
         <datafield tag="040" ind1=" " ind2=" ">
            <subfield code="a">D-LIs</subfield>
         </datafield>
         <datafield tag="043" ind1=" " ind2=" ">
            <subfield code="c">XA-DE</subfield>
         </datafield>
         <datafield tag="110" ind1="2" ind2=" ">
            <subfield code="a">Stadtarchiv</subfield>
            <subfield code="c">Lindau (Bodensee)</subfield>
            <subfield code="g">D-LIs</subfield>
         </datafield>
         <datafield tag="622" ind1=" " ind2=" ">
            <subfield code="e">Stadtarchiv, Postgebäude, Maximilianstr. 52, 88131 Lindau (Bodensee), Germany</subfield>
            <subfield code="u">http://www.lindau.de/Kunst-Kultur/Stadtarchiv</subfield>
         </datafield>
      </record>