
      <record>
         <leader>00000nz  a2200169   4500</leader>
         <controlfield tag="001">30000873</controlfield>
         <controlfield tag="003">RISM</controlfield>
         <controlfield tag="005">20160216</controlfield>
         <controlfield tag="008">160216n||az|||||||##########||||||||||||</controlfield>
         <datafield tag="040" ind1=" " ind2=" ">
            <subfield code="a">D-LIT</subfield>
         </datafield>
         <datafield tag="043" ind1=" " ind2=" ">
            <subfield code="c">XA-DE</subfield>
         </datafield>
         <datafield tag="110" ind1="2" ind2=" ">
            <subfield code="a">Cistercienserinnen-Abtei Lichtenthal, Bibliothek</subfield>
            <subfield code="c">Baden-Baden</subfield>
            <subfield code="g">D-LIT</subfield>
         </datafield>
         <datafield tag="622" ind1=" " ind2=" ">
            <subfield code="e">Cistercienserinnen-Abtei Lichtenthal,,  Bibliothek, Hauptstraße 40, 76534 Baden-Baden, Germany</subfield>
            <subfield code="u">http://www.abtei-lichtenthal.de/</subfield>
         </datafield>
      </record>