
      <record>
         <leader>00000nz  a2200169   4500</leader>
         <controlfield tag="001">30000115</controlfield>
         <controlfield tag="003">RISM</controlfield>
         <controlfield tag="005">20160216</controlfield>
         <controlfield tag="008">160216n||az|||||||##########||||||||||||</controlfield>
         <datafield tag="040" ind1=" " ind2=" ">
            <subfield code="a">D-LL</subfield>
         </datafield>
         <datafield tag="043" ind1=" " ind2=" ">
            <subfield code="c">XA-DE</subfield>
         </datafield>
         <datafield tag="110" ind1="2" ind2=" ">
            <subfield code="a">Pfarrarchiv der St. Georgs-Kirche</subfield>
            <subfield code="c">Langula</subfield>
            <subfield code="g">D-LL</subfield>
         </datafield>
         <datafield tag="622" ind1=" " ind2=" ">
            <subfield code="e">Pfarrarchiv der St. Georgs-Kirche, c/o Pfarrstelle Kammerforst - Langula, Obere Kirchstraße 3, 99991 Großengottern, Germany</subfield>
            <subfield code="u">http://goo.gl/mS54c6</subfield>
         </datafield>
      </record>