
      <record>
         <leader>00000nz  a2200169   4500</leader>
         <controlfield tag="001">30000874</controlfield>
         <controlfield tag="003">RISM</controlfield>
         <controlfield tag="005">20160216</controlfield>
         <controlfield tag="008">160216n||az|||||||##########||||||||||||</controlfield>
         <datafield tag="040" ind1=" " ind2=" ">
            <subfield code="a">D-LM</subfield>
         </datafield>
         <datafield tag="043" ind1=" " ind2=" ">
            <subfield code="c">XA-DE</subfield>
         </datafield>
         <datafield tag="110" ind1="2" ind2=" ">
            <subfield code="a">Schloss Leitheim, Schlossbibliothek Freiherr von Tucher</subfield>
            <subfield code="c">Leitheim (Markt Kaisheim)</subfield>
            <subfield code="g">D-LM</subfield>
         </datafield>
         <datafield tag="622" ind1=" " ind2=" ">
            <subfield code="e">Schloss Leitheim, Schlossbibliothek,  Freiherr von Tucher, Schloss-Straße 1, 86687 Leitheim (Markt Kaisheim), Germany</subfield>
         </datafield>
      </record>