
      <record>
         <leader>00000nz  a2200169   4500</leader>
         <controlfield tag="001">30080559</controlfield>
         <controlfield tag="003">RISM</controlfield>
         <controlfield tag="005">20160216</controlfield>
         <controlfield tag="008">160216n||az|||||||##########||||||||||||</controlfield>
         <datafield tag="040" ind1=" " ind2=" ">
            <subfield code="a">D-Lm</subfield>
         </datafield>
         <datafield tag="043" ind1=" " ind2=" ">
            <subfield code="c">XA-DE</subfield>
         </datafield>
         <datafield tag="110" ind1="2" ind2=" ">
            <subfield code="a">Museum Lüneburg</subfield>
            <subfield code="c">Lüneburg</subfield>
            <subfield code="g">D-Lm</subfield>
         </datafield>
         <datafield tag="410" ind1="2" ind2=" ">
            <subfield code="a">Früher: Museum für das Fürstentum Lüneburg</subfield>
         </datafield>
         <datafield tag="622" ind1=" " ind2=" ">
            <subfield code="e">Museum Lüneburg, Willy-Brandt-Straße 1, 21335 Lüneburg, Germany</subfield>
            <subfield code="u">http://www.museumlueneburg.de/</subfield>
         </datafield>
      </record>