
      <record>
         <leader>00000nz  a2200169   4500</leader>
         <controlfield tag="001">30000875</controlfield>
         <controlfield tag="003">RISM</controlfield>
         <controlfield tag="005">20160216</controlfield>
         <controlfield tag="008">160216n||az|||||||##########||||||||||||</controlfield>
         <datafield tag="040" ind1=" " ind2=" ">
            <subfield code="a">D-LO</subfield>
         </datafield>
         <datafield tag="043" ind1=" " ind2=" ">
            <subfield code="c">XA-DE</subfield>
         </datafield>
         <datafield tag="110" ind1="2" ind2=" ">
            <subfield code="a">Klosterbibliothek</subfield>
            <subfield code="c">Rehburg-Loccum</subfield>
            <subfield code="g">D-LO</subfield>
         </datafield>
         <datafield tag="622" ind1=" " ind2=" ">
            <subfield code="e">Klosterbibliothek, Im Kloster 2, 31547 Rehburg-Loccum, Germany</subfield>
            <subfield code="u">http://www.kloster-loccum.de/pages/kloster/klosterbibliothek/index.html</subfield>
         </datafield>
      </record>