
      <record>
         <leader>00000nz  a2200169   4500</leader>
         <controlfield tag="001">30001214</controlfield>
         <controlfield tag="003">RISM</controlfield>
         <controlfield tag="005">20160216</controlfield>
         <controlfield tag="008">160216n||az|||||||##########||||||||||||</controlfield>
         <datafield tag="040" ind1=" " ind2=" ">
            <subfield code="a">D-LÖ</subfield>
         </datafield>
         <datafield tag="043" ind1=" " ind2=" ">
            <subfield code="c">XA-DE</subfield>
         </datafield>
         <datafield tag="110" ind1="2" ind2=" ">
            <subfield code="a">Evangelisch-Lutherische Kirchgemeinde Lößnitz/Affalter, Pfarrarchiv</subfield>
            <subfield code="c">Lößnitz</subfield>
            <subfield code="g">D-LÖ</subfield>
         </datafield>
         <datafield tag="622" ind1=" " ind2=" ">
            <subfield code="e">Evangelisch-Lutherische Kirchgemeinde,  Lößnitz/Affalter, Pfarrarchiv, Pfarramt, Rathausplatz 3, 08294 Lößnitz, Germany</subfield>
            <subfield code="u">http://www.kirche-loessnitz.de/</subfield>
         </datafield>
      </record>