
      <record>
         <leader>00000nz  a2200169   4500</leader>
         <controlfield tag="001">30002917</controlfield>
         <controlfield tag="003">RISM</controlfield>
         <controlfield tag="005">20160216</controlfield>
         <controlfield tag="008">160216n||az|||||||##########||||||||||||</controlfield>
         <datafield tag="040" ind1=" " ind2=" ">
            <subfield code="a">D-LÖD</subfield>
         </datafield>
         <datafield tag="043" ind1=" " ind2=" ">
            <subfield code="c">XA-DE</subfield>
         </datafield>
         <datafield tag="110" ind1="2" ind2=" ">
            <subfield code="a">Evangelische Kirchengemeinde Oberlödla, Pfarrarchiv</subfield>
            <subfield code="c">Oberlödla (Lödla)</subfield>
            <subfield code="g">D-LÖD</subfield>
         </datafield>
         <datafield tag="622" ind1=" " ind2=" ">
            <subfield code="e">Evangelische Kirchengemeinde Oberlödla,,  Pfarrarchiv, c/o Pfarramt Lucka/ Rositz, Bahnhofstr. 6, 04617 Rositz, Germany</subfield>
            <subfield code="u">http://www.ekmd.de/kirche/kirchenkreise/285.html?expanded=284,288#288</subfield>
         </datafield>
      </record>