
      <record>
         <leader>00000nz  a2200169   4500</leader>
         <controlfield tag="001">30002918</controlfield>
         <controlfield tag="003">RISM</controlfield>
         <controlfield tag="005">20160216</controlfield>
         <controlfield tag="008">160216n||az|||||||##########||||||||||||</controlfield>
         <datafield tag="040" ind1=" " ind2=" ">
            <subfield code="a">D-LOR</subfield>
         </datafield>
         <datafield tag="043" ind1=" " ind2=" ">
            <subfield code="c">XA-DE</subfield>
         </datafield>
         <datafield tag="110" ind1="2" ind2=" ">
            <subfield code="a">Evangelisch-Lutherische Kirchengemeinde Langenorla, Pfarrarchiv</subfield>
            <subfield code="c">Langenorla</subfield>
            <subfield code="g">D-LOR</subfield>
         </datafield>
         <datafield tag="622" ind1=" " ind2=" ">
            <subfield code="e">Evangelisch-Lutherische Kirchengemeinde,  Langenorla, Pfarrarchiv, Pfarramt, Ortsstraße 18, 07381 Langenorla, Germany</subfield>
            <subfield code="u">http://www.kirchenkreis-schleiz.de/</subfield>
         </datafield>
      </record>