
      <record>
         <leader>00000nz  a2200169   4500</leader>
         <controlfield tag="001">30000876</controlfield>
         <controlfield tag="003">RISM</controlfield>
         <controlfield tag="005">20160216</controlfield>
         <controlfield tag="008">160216n||az|||||||##########||||||||||||</controlfield>
         <datafield tag="040" ind1=" " ind2=" ">
            <subfield code="a">D-LR</subfield>
         </datafield>
         <datafield tag="043" ind1=" " ind2=" ">
            <subfield code="c">XA-DE</subfield>
         </datafield>
         <datafield tag="110" ind1="2" ind2=" ">
            <subfield code="a">Lehrerbibliothek des Scheffel-Gymnasiums</subfield>
            <subfield code="c">Lahr/Schwarzwald</subfield>
            <subfield code="g">D-LR</subfield>
         </datafield>
         <datafield tag="622" ind1=" " ind2=" ">
            <subfield code="e">Lehrerbibliothek des Scheffel-Gymnasiums, Otto-Hahn-Str. 7, 77933 Lahr/Schwarzwald, Germany</subfield>
            <subfield code="u">http://www.scheffel.og.bw.schule.de/</subfield>
         </datafield>
      </record>