
      <record>
         <leader>00000nz  a2200169   4500</leader>
         <controlfield tag="001">30000862</controlfield>
         <controlfield tag="003">RISM</controlfield>
         <controlfield tag="005">20160216</controlfield>
         <controlfield tag="008">160216n||az|||||||##########||||||||||||</controlfield>
         <datafield tag="040" ind1=" " ind2=" ">
            <subfield code="a">D-Lr</subfield>
         </datafield>
         <datafield tag="043" ind1=" " ind2=" ">
            <subfield code="c">XA-DE</subfield>
         </datafield>
         <datafield tag="110" ind1="2" ind2=" ">
            <subfield code="a">Ratsbücherei</subfield>
            <subfield code="c">Lüneburg</subfield>
            <subfield code="g">D-Lr</subfield>
         </datafield>
         <datafield tag="622" ind1=" " ind2=" ">
            <subfield code="e">Ratsbücherei, Am Marienplatz 3, 21335 Lüneburg, Germany</subfield>
            <subfield code="u">http://goo.gl/rE0OrZ</subfield>
         </datafield>
      </record>