
      <record>
         <leader>00000nz  a2200169   4500</leader>
         <controlfield tag="001">30001215</controlfield>
         <controlfield tag="003">RISM</controlfield>
         <controlfield tag="005">20160216</controlfield>
         <controlfield tag="008">160216n||az|||||||##########||||||||||||</controlfield>
         <datafield tag="040" ind1=" " ind2=" ">
            <subfield code="a">D-LST</subfield>
         </datafield>
         <datafield tag="043" ind1=" " ind2=" ">
            <subfield code="c">XA-DE</subfield>
         </datafield>
         <datafield tag="110" ind1="2" ind2=" ">
            <subfield code="a">Stadtkirche St. Laurentius, Kantoreiarchiv</subfield>
            <subfield code="c">Lichtenstein (Sachsen)</subfield>
            <subfield code="g">D-LST</subfield>
         </datafield>
         <datafield tag="622" ind1=" " ind2=" ">
            <subfield code="e">Stadtkirche St. Laurentius,,  Kantoreiarchiv, c/o Ev.-Luth. Kirchgemeinde Lichtenstein, Lutherplatz 2, 09350 Lichtenstein (Sachsen), Germany</subfield>
            <subfield code="u">http://www.kirche-lichtenstein.de/</subfield>
         </datafield>
      </record>