
      <record>
         <leader>00000nz  a2200169   4500</leader>
         <controlfield tag="001">30000164</controlfield>
         <controlfield tag="003">RISM</controlfield>
         <controlfield tag="005">20160216</controlfield>
         <controlfield tag="008">160216n||az|||||||##########||||||||||||</controlfield>
         <datafield tag="040" ind1=" " ind2=" ">
            <subfield code="a">D-LUC</subfield>
         </datafield>
         <datafield tag="043" ind1=" " ind2=" ">
            <subfield code="c">XA-DE</subfield>
         </datafield>
         <datafield tag="110" ind1="2" ind2=" ">
            <subfield code="a">Stadtkirche St. Nikolai, Kantoreibibliothek</subfield>
            <subfield code="c">Luckau (Brandenburg)</subfield>
            <subfield code="g">D-LUC</subfield>
         </datafield>
         <datafield tag="410" ind1="2" ind2=" ">
            <subfield code="a">Archiv der Nikolaikirche</subfield>
         </datafield>
         <datafield tag="622" ind1=" " ind2=" ">
            <subfield code="e">Stadtkirche St. Nikolai,,  Kantoreibibliothek, Gemeindebüro, Schulstraße 2, 15926 Luckau (Brandenburg), Germany</subfield>
            <subfield code="u">http://www.kirche-luckau.de</subfield>
         </datafield>
         <datafield tag="710" ind1="2" ind2=" ">
            <subfield code="a">Universitätsbibliothek, "Bibliotheca Albertina"</subfield>
            <subfield code="0">30001210</subfield>
         </datafield>
      </record>