
      <record>
         <leader>00000nz  a2200169   4500</leader>
         <controlfield tag="001">30077951</controlfield>
         <controlfield tag="003">RISM</controlfield>
         <controlfield tag="005">20160216</controlfield>
         <controlfield tag="008">160216n||az|||||||##########||||||||||||</controlfield>
         <datafield tag="040" ind1=" " ind2=" ">
            <subfield code="a">D-LÜDkka</subfield>
         </datafield>
         <datafield tag="043" ind1=" " ind2=" ">
            <subfield code="c">XA-DE</subfield>
         </datafield>
         <datafield tag="110" ind1="2" ind2=" ">
            <subfield code="a">Evangelischer Kirchenkreis Lüdenscheid-Plettenberg, Kirchenkreisarchiv</subfield>
            <subfield code="c">Lüdenscheid</subfield>
            <subfield code="g">D-LÜDkka</subfield>
         </datafield>
         <datafield tag="622" ind1=" " ind2=" ">
            <subfield code="e">Evangelischer Kirchenkreis,  Lüdenscheid-Plettenberg,,  Kirchenkreisarchiv, Hohfuhrstr. 34, 58509 Lüdenscheid, Germany</subfield>
            <subfield code="u">http://www.evangelisch-im-sauerland.de/</subfield>
         </datafield>
      </record>