
      <record>
         <leader>00000nz  a2200169   4500</leader>
         <controlfield tag="001">30080484</controlfield>
         <controlfield tag="003">RISM</controlfield>
         <controlfield tag="005">20160216</controlfield>
         <controlfield tag="008">160216n||az|||||||##########||||||||||||</controlfield>
         <datafield tag="040" ind1=" " ind2=" ">
            <subfield code="a">D-LUDlisum</subfield>
         </datafield>
         <datafield tag="043" ind1=" " ind2=" ">
            <subfield code="c">XA-DE</subfield>
         </datafield>
         <datafield tag="110" ind1="2" ind2=" ">
            <subfield code="a">Landesinstitut für Schule und Medien Berlin-Brandenburg (LISUM)</subfield>
            <subfield code="c">Ludwigsfelde-Struveshof</subfield>
            <subfield code="g">D-LUDlisum</subfield>
         </datafield>
         <datafield tag="622" ind1=" " ind2=" ">
            <subfield code="e">Landesinstitut für Schule und Medien,  Berlin-Brandenburg (LISUM), Struveweg, 14974 Ludwigsfelde-Struveshof, Germany</subfield>
            <subfield code="u">http://www.lisum.berlin-brandenburg.de/sixcms/detail.php?template=lisumbb_start_d</subfield>
         </datafield>
      </record>