
      <record>
         <leader>00000nz  a2200169   4500</leader>
         <controlfield tag="001">30000877</controlfield>
         <controlfield tag="003">RISM</controlfield>
         <controlfield tag="005">20160216</controlfield>
         <controlfield tag="008">160216n||az|||||||##########||||||||||||</controlfield>
         <datafield tag="040" ind1=" " ind2=" ">
            <subfield code="a">D-LÜh</subfield>
         </datafield>
         <datafield tag="043" ind1=" " ind2=" ">
            <subfield code="c">XA-DE</subfield>
         </datafield>
         <datafield tag="110" ind1="2" ind2=" ">
            <subfield code="a">Stadtbibliothek, Musikabteilung</subfield>
            <subfield code="c">Lübeck</subfield>
            <subfield code="g">D-LÜh</subfield>
         </datafield>
         <datafield tag="410" ind1="2" ind2=" ">
            <subfield code="a">Bibliothek der Hansestadt Lübeck, Musikabteilung</subfield>
         </datafield>
         <datafield tag="410" ind1="2" ind2=" ">
            <subfield code="a">Stadtbibliothek der Freien und Hansestadt Lübeck</subfield>
         </datafield>
         <datafield tag="622" ind1=" " ind2=" ">
            <subfield code="e">Stadtbibliothek, Musikabteilung, Hundestraße 5-7, 23552 Lübeck, Germany</subfield>
            <subfield code="u">http://stadtbibliothek.luebeck.de/zentrale/musikbib/index.html</subfield>
         </datafield>
      </record>