
      <record>
         <leader>00000nz  a2200169   4500</leader>
         <controlfield tag="001">30004308</controlfield>
         <controlfield tag="003">RISM</controlfield>
         <controlfield tag="005">20160216</controlfield>
         <controlfield tag="008">160216n||az|||||||##########||||||||||||</controlfield>
         <datafield tag="040" ind1=" " ind2=" ">
            <subfield code="a">D-LÜmh</subfield>
         </datafield>
         <datafield tag="043" ind1=" " ind2=" ">
            <subfield code="c">XA-DE</subfield>
         </datafield>
         <datafield tag="110" ind1="2" ind2=" ">
            <subfield code="a">Musikhochschule, Bibliothek</subfield>
            <subfield code="c">Lübeck</subfield>
            <subfield code="g">D-LÜmh</subfield>
         </datafield>
         <datafield tag="622" ind1=" " ind2=" ">
            <subfield code="e">Musikhochschule, Bibliothek, Große Petersgrube 21, 23552 Lübeck, Germany</subfield>
            <subfield code="u">http://www.mh-luebeck.de</subfield>
         </datafield>
      </record>