
      <record>
         <leader>00000nz  a2200169   4500</leader>
         <controlfield tag="001">30006079</controlfield>
         <controlfield tag="003">RISM</controlfield>
         <controlfield tag="005">20160216</controlfield>
         <controlfield tag="008">160216n||az|||||||##########||||||||||||</controlfield>
         <datafield tag="040" ind1=" " ind2=" ">
            <subfield code="a">D-LÜmk</subfield>
         </datafield>
         <datafield tag="043" ind1=" " ind2=" ">
            <subfield code="c">XA-DE</subfield>
         </datafield>
         <datafield tag="110" ind1="2" ind2=" ">
            <subfield code="a">Museum für Kunst und Kulturgeschichte der Hansestadt Lübeck</subfield>
            <subfield code="c">Lübeck</subfield>
            <subfield code="g">D-LÜmk</subfield>
         </datafield>
         <datafield tag="410" ind1="2" ind2=" ">
            <subfield code="a">Holstentor-Museum</subfield>
         </datafield>
         <datafield tag="622" ind1=" " ind2=" ">
            <subfield code="e">Museum für Kunst und Kulturgeschichte,  der Hansestadt Lübeck, Verwaltung Holstentor-Museum, Düvekenstraße 21, 23552 Lübeck, Germany</subfield>
            <subfield code="u">http://museum-holstentor.de/</subfield>
         </datafield>
      </record>