
      <record>
         <leader>00000nz  a2200169   4500</leader>
         <controlfield tag="001">30076305</controlfield>
         <controlfield tag="003">RISM</controlfield>
         <controlfield tag="005">20160216</controlfield>
         <controlfield tag="008">160216n||az|||||||##########||||||||||||</controlfield>
         <datafield tag="040" ind1=" " ind2=" ">
            <subfield code="a">D-LÜNsm</subfield>
         </datafield>
         <datafield tag="043" ind1=" " ind2=" ">
            <subfield code="c">XA-DE</subfield>
         </datafield>
         <datafield tag="110" ind1="2" ind2=" ">
            <subfield code="a">Katholische Kirchengemeinde St. Marien, Pfarrarchiv</subfield>
            <subfield code="c">Lünen</subfield>
            <subfield code="g">D-LÜNsm</subfield>
         </datafield>
         <datafield tag="622" ind1=" " ind2=" ">
            <subfield code="e">Katholische Kirchengemeinde St. Marien,,  Pfarrarchiv, Pfarrbüro, Marienstr. 21, 44534 Lünen, Germany</subfield>
            <subfield code="u">http://www.st-marien-luenen.de/home/</subfield>
         </datafield>
      </record>