
      <record>
         <leader>00000nz  a2200169   4500</leader>
         <controlfield tag="001">21335</controlfield>
         <controlfield tag="003">RISM</controlfield>
         <controlfield tag="005">20160216</controlfield>
         <controlfield tag="008">160216n||az|||||||##########||||||||||||</controlfield>
         <datafield tag="040" ind1=" " ind2=" ">
            <subfield code="a">D-LUs</subfield>
         </datafield>
         <datafield tag="043" ind1=" " ind2=" ">
            <subfield code="c">XA-DE</subfield>
         </datafield>
         <datafield tag="110" ind1="2" ind2=" ">
            <subfield code="a">Staatsarchiv</subfield>
            <subfield code="c">Ludwigsburg</subfield>
            <subfield code="g">D-LUs</subfield>
         </datafield>
         <datafield tag="622" ind1=" " ind2=" ">
            <subfield code="e">Staatsarchiv Ludwigsburg, Arsenalplatz 3, 71638 Ludwigsburg, Germany</subfield>
            <subfield code="u">http://www.landesarchiv-bw.de/web/47251</subfield>
         </datafield>
      </record>