
      <record>
         <leader>00000nz  a2200169   4500</leader>
         <controlfield tag="001">30078023</controlfield>
         <controlfield tag="003">RISM</controlfield>
         <controlfield tag="005">20160216</controlfield>
         <controlfield tag="008">160216n||az|||||||##########||||||||||||</controlfield>
         <datafield tag="040" ind1=" " ind2=" ">
            <subfield code="a">D-LÜsa</subfield>
         </datafield>
         <datafield tag="043" ind1=" " ind2=" ">
            <subfield code="c">XA-DE</subfield>
         </datafield>
         <datafield tag="110" ind1="2" ind2=" ">
            <subfield code="a">Archiv der Hansestadt Lübeck</subfield>
            <subfield code="c">Lübeck</subfield>
            <subfield code="g">D-LÜsa</subfield>
         </datafield>
         <datafield tag="410" ind1="2" ind2=" ">
            <subfield code="a">Stadtarchiv</subfield>
         </datafield>
         <datafield tag="622" ind1=" " ind2=" ">
            <subfield code="e">Archiv der Hansestadt Lübeck, Mühlendamm 1-3, 23552 Lübeck, Germany</subfield>
            <subfield code="u">http://archiv.luebeck.de/</subfield>
         </datafield>
      </record>