
      <record>
         <leader>00000nz  a2200169   4500</leader>
         <controlfield tag="001">30002919</controlfield>
         <controlfield tag="003">RISM</controlfield>
         <controlfield tag="005">20160216</controlfield>
         <controlfield tag="008">160216n||az|||||||##########||||||||||||</controlfield>
         <datafield tag="040" ind1=" " ind2=" ">
            <subfield code="a">D-LÜTZ</subfield>
         </datafield>
         <datafield tag="043" ind1=" " ind2=" ">
            <subfield code="c">XA-DE</subfield>
         </datafield>
         <datafield tag="110" ind1="2" ind2=" ">
            <subfield code="a">Evangelische Kirchengemeinde Lützen, Pfarrarchiv</subfield>
            <subfield code="c">Lützen</subfield>
            <subfield code="g">D-LÜTZ</subfield>
         </datafield>
         <datafield tag="622" ind1=" " ind2=" ">
            <subfield code="e">Evangelische Kirchengemeinde Lützen,,  Pfarrarchiv, Pfarramt, Güntherstraße 13, 06686 Lützen, Germany</subfield>
            <subfield code="u">http://www.stadt-luetzen.de/de/kirchen-und-pfarraemter.html</subfield>
         </datafield>
      </record>