
      <record>
         <leader>00000nz  a2200169   4500</leader>
         <controlfield tag="001">30075933</controlfield>
         <controlfield tag="003">RISM</controlfield>
         <controlfield tag="005">20160216</controlfield>
         <controlfield tag="008">160216n||az|||||||##########||||||||||||</controlfield>
         <datafield tag="040" ind1=" " ind2=" ">
            <subfield code="a">D-LZp</subfield>
         </datafield>
         <datafield tag="043" ind1=" " ind2=" ">
            <subfield code="c">XA-DE</subfield>
         </datafield>
         <datafield tag="110" ind1="2" ind2=" ">
            <subfield code="a">Evangelisches Pfarramt</subfield>
            <subfield code="c">Langenzenn</subfield>
            <subfield code="g">D-LZp</subfield>
         </datafield>
         <datafield tag="622" ind1=" " ind2=" ">
            <subfield code="e">Evangelisches Pfarramt, Prinzregentenplatz 2, 90579 Langenzenn, Deutschland</subfield>
            <subfield code="u">http://www.kirche-langenzenn.de/</subfield>
         </datafield>
      </record>