
      <record>
         <leader>00000nz  a2200169   4500</leader>
         <controlfield tag="001">30000878</controlfield>
         <controlfield tag="003">RISM</controlfield>
         <controlfield tag="005">20160216</controlfield>
         <controlfield tag="008">160216n||az|||||||##########||||||||||||</controlfield>
         <datafield tag="040" ind1=" " ind2=" ">
            <subfield code="a">D-Ma</subfield>
         </datafield>
         <datafield tag="043" ind1=" " ind2=" ">
            <subfield code="c">XA-DE</subfield>
         </datafield>
         <datafield tag="110" ind1="2" ind2=" ">
            <subfield code="a">Franziskanerkloster St. Anna, Bibliothek</subfield>
            <subfield code="c">München</subfield>
            <subfield code="g">D-Ma</subfield>
         </datafield>
         <datafield tag="622" ind1=" " ind2=" ">
            <subfield code="e">Franziskanerkloster St. Anna, Bibliothek, St.-Anna-Straße 19, 80538 München, Germany</subfield>
            <subfield code="u">https://www.erzbistum-muenchen.de/Pfarrei/Page003813.aspx</subfield>
         </datafield>
      </record>