
      <record>
         <leader>00000nz  a2200169   4500</leader>
         <controlfield tag="001">30077956</controlfield>
         <controlfield tag="003">RISM</controlfield>
         <controlfield tag="005">20160216</controlfield>
         <controlfield tag="008">160216n||az|||||||##########||||||||||||</controlfield>
         <datafield tag="040" ind1=" " ind2=" ">
            <subfield code="a">D-MAaek</subfield>
         </datafield>
         <datafield tag="043" ind1=" " ind2=" ">
            <subfield code="c">XA-DE</subfield>
         </datafield>
         <datafield tag="110" ind1="2" ind2=" ">
            <subfield code="a">Archiv der Evangelischen Kirche der Kirchenprovinz Sachsen</subfield>
            <subfield code="c">Magdeburg</subfield>
            <subfield code="g">D-MAaek</subfield>
         </datafield>
         <datafield tag="622" ind1=" " ind2=" ">
            <subfield code="e">Archiv der Evangelischen Kirche der,  Kirchenprovinz Sachsen, Freiherr-vom-Stein-Str. 47, 39108  Magdeburg, Germany</subfield>
            <subfield code="u">http://archive.ekmd-online.de/portal/archive/2-archiv-magdeburg/</subfield>
         </datafield>
      </record>