
      <record>
         <leader>00000nz  a2200169   4500</leader>
         <controlfield tag="001">30006390</controlfield>
         <controlfield tag="003">RISM</controlfield>
         <controlfield tag="005">20160216</controlfield>
         <controlfield tag="008">160216n||az|||||||##########||||||||||||</controlfield>
         <datafield tag="040" ind1=" " ind2=" ">
            <subfield code="a">D-MABm</subfield>
         </datafield>
         <datafield tag="043" ind1=" " ind2=" ">
            <subfield code="c">XA-DE</subfield>
         </datafield>
         <datafield tag="110" ind1="2" ind2=" ">
            <subfield code="a">Westpfälzer Musikantenmuseum</subfield>
            <subfield code="c">Mackenbach</subfield>
            <subfield code="g">D-MABm</subfield>
         </datafield>
         <datafield tag="622" ind1=" " ind2=" ">
            <subfield code="e">Westpfälzer Musikantenmuseum, Schulstr. 10, 67686 Mackenbach, Germany</subfield>
            <subfield code="u">http://www.musikantenmuseum.de/</subfield>
         </datafield>
      </record>