
      <record>
         <leader>00000nz  a2200169   4500</leader>
         <controlfield tag="001">30001216</controlfield>
         <controlfield tag="003">RISM</controlfield>
         <controlfield tag="005">20160216</controlfield>
         <controlfield tag="008">160216n||az|||||||##########||||||||||||</controlfield>
         <datafield tag="040" ind1=" " ind2=" ">
            <subfield code="a">D-MAk</subfield>
         </datafield>
         <datafield tag="043" ind1=" " ind2=" ">
            <subfield code="c">XA-DE</subfield>
         </datafield>
         <datafield tag="110" ind1="2" ind2=" ">
            <subfield code="a">Kunstmuseum Kloster Unser Lieben Frauen, Bibliothek</subfield>
            <subfield code="c">Magdeburg</subfield>
            <subfield code="g">D-MAk</subfield>
         </datafield>
         <datafield tag="410" ind1="2" ind2=" ">
            <subfield code="a">Kulturhistorisches Museum, Klosterbibliothek Unser Lieben Frauen</subfield>
         </datafield>
         <datafield tag="410" ind1="2" ind2=" ">
            <subfield code="a">Museum für Kunst und Kunstgewerbe</subfield>
         </datafield>
         <datafield tag="410" ind1="2" ind2=" ">
            <subfield code="a">Klosterschulbibliothek Magdeburg</subfield>
         </datafield>
         <datafield tag="622" ind1=" " ind2=" ">
            <subfield code="e">Kunstmuseum Kloster Unser Lieben Frauen,,  Bibliothek, Regierungsstr. 4-6, 39104 Magdeburg, Germany</subfield>
            <subfield code="u">http://www.kunstmuseum-magdeburg.de/</subfield>
         </datafield>
      </record>