
      <record>
         <leader>00000nz  a2200169   4500</leader>
         <controlfield tag="001">30001217</controlfield>
         <controlfield tag="003">RISM</controlfield>
         <controlfield tag="005">20160216</controlfield>
         <controlfield tag="008">160216n||az|||||||##########||||||||||||</controlfield>
         <datafield tag="040" ind1=" " ind2=" ">
            <subfield code="a">D-MAkon</subfield>
         </datafield>
         <datafield tag="043" ind1=" " ind2=" ">
            <subfield code="c">XA-DE</subfield>
         </datafield>
         <datafield tag="110" ind1="2" ind2=" ">
            <subfield code="a">Evangelisches Konsistorium, Kirchenamtsbibliothek</subfield>
            <subfield code="c">Magdeburg</subfield>
            <subfield code="g">D-MAkon</subfield>
         </datafield>
         <datafield tag="410" ind1="2" ind2=" ">
            <subfield code="a">Konsistorialbibliothek im Evangelischen Konsistorium</subfield>
         </datafield>
         <datafield tag="622" ind1=" " ind2=" ">
            <subfield code="e">Evangelisches Konsistorium,,  Kirchenamtsbibliothek, Am Dom 2, 39104 Magdeburg, Germany</subfield>
            <subfield code="u">http://archive.ekmd-online.de/portal/bibliotheken/2-kirchenamtsbibliothek/</subfield>
         </datafield>
      </record>