
      <record>
         <leader>00000nz  a2200169   4500</leader>
         <controlfield tag="001">30001218</controlfield>
         <controlfield tag="003">RISM</controlfield>
         <controlfield tag="005">20160216</controlfield>
         <controlfield tag="008">160216n||az|||||||##########||||||||||||</controlfield>
         <datafield tag="040" ind1=" " ind2=" ">
            <subfield code="a">D-MAl</subfield>
         </datafield>
         <datafield tag="043" ind1=" " ind2=" ">
            <subfield code="c">XA-DE</subfield>
         </datafield>
         <datafield tag="110" ind1="2" ind2=" ">
            <subfield code="a">Landesarchiv Sachsen-Anhalt - Abteilung Magdeburg</subfield>
            <subfield code="c">Magdeburg</subfield>
            <subfield code="g">D-MAl</subfield>
         </datafield>
         <datafield tag="410" ind1="2" ind2=" ">
            <subfield code="a">Staatsarchiv</subfield>
         </datafield>
         <datafield tag="410" ind1="2" ind2=" ">
            <subfield code="a">Landeshauptarchiv / Staatsbibliothek</subfield>
         </datafield>
         <datafield tag="622" ind1=" " ind2=" ">
            <subfield code="e">Landesarchiv Sachsen-Anhalt - Abteilung,  Magdeburg, Brückstraße 2, 39114 Magdeburg, Germany</subfield>
            <subfield code="u">http://www.lha.sachsen-anhalt.de/landesarchiv/standorte/magdeburg/</subfield>
         </datafield>
      </record>