
      <record>
         <leader>00000nz  a2200169   4500</leader>
         <controlfield tag="001">30077757</controlfield>
         <controlfield tag="003">RISM</controlfield>
         <controlfield tag="005">20160216</controlfield>
         <controlfield tag="008">160216n||az|||||||##########||||||||||||</controlfield>
         <datafield tag="040" ind1=" " ind2=" ">
            <subfield code="a">D-MARek</subfield>
         </datafield>
         <datafield tag="043" ind1=" " ind2=" ">
            <subfield code="c">XA-DE</subfield>
         </datafield>
         <datafield tag="110" ind1="2" ind2=" ">
            <subfield code="a">Evangelische Kirchengemeinde, Pfarramt</subfield>
            <subfield code="c">Marienfels</subfield>
            <subfield code="g">D-MARek</subfield>
         </datafield>
         <datafield tag="622" ind1=" " ind2=" ">
            <subfield code="e">Evangelische Kirchengemeinde, Pfarramt, Kirchplatz 1, 56357 Marienfels, Germany</subfield>
            <subfield code="u">http://www.marienfels.evkirche.de/index.html</subfield>
         </datafield>
      </record>