
      <record>
         <leader>00000nz  a2200169   4500</leader>
         <controlfield tag="001">30061573</controlfield>
         <controlfield tag="003">RISM</controlfield>
         <controlfield tag="005">20160216</controlfield>
         <controlfield tag="008">160216n||az|||||||##########||||||||||||</controlfield>
         <datafield tag="040" ind1=" " ind2=" ">
            <subfield code="a">D-MAS</subfield>
         </datafield>
         <datafield tag="043" ind1=" " ind2=" ">
            <subfield code="c">XA-DE</subfield>
         </datafield>
         <datafield tag="110" ind1="2" ind2=" ">
            <subfield code="a">Pfarr- und Wallfahrtskirche</subfield>
            <subfield code="c">Maria Steinbach</subfield>
            <subfield code="g">D-MAS</subfield>
         </datafield>
         <datafield tag="622" ind1=" " ind2=" ">
            <subfield code="e">Pfarr- und Wallfahrtskirche, Kath. Pfarramt, Kirchhof 4, 87764 Maria Steinbach (Legau), Germany</subfield>
            <subfield code="u">http://www.maria-steinbach.de</subfield>
         </datafield>
      </record>