
      <record>
         <leader>00000nz  a2200169   4500</leader>
         <controlfield tag="001">30000896</controlfield>
         <controlfield tag="003">RISM</controlfield>
         <controlfield tag="005">20160216</controlfield>
         <controlfield tag="008">160216n||az|||||||##########||||||||||||</controlfield>
         <datafield tag="040" ind1=" " ind2=" ">
            <subfield code="a">D-MB</subfield>
         </datafield>
         <datafield tag="043" ind1=" " ind2=" ">
            <subfield code="c">XA-DE</subfield>
         </datafield>
         <datafield tag="110" ind1="2" ind2=" ">
            <subfield code="a">Deutsches Literaturarchiv Marbach, Musikaliensammlung</subfield>
            <subfield code="c">Marbach am Neckar</subfield>
            <subfield code="g">D-MB</subfield>
         </datafield>
         <datafield tag="410" ind1="2" ind2=" ">
            <subfield code="a">Schiller-Nationalmuseum, Bibliothek und Archiv</subfield>
         </datafield>
         <datafield tag="410" ind1="2" ind2=" ">
            <subfield code="a">Bibliothek des Deutschen Literaturarchivs im Schiller-National-Museum, Musikaliensammlung</subfield>
         </datafield>
         <datafield tag="622" ind1=" " ind2=" ">
            <subfield code="e">Deutsches Literaturarchiv Marbach,,  Musikaliensammlung, Schillerhöhe 8-10, 71672 Marbach am Neckar, Germany</subfield>
            <subfield code="u">http://www.dla-marbach.de/startseite/index.html</subfield>
         </datafield>
      </record>