
      <record>
         <leader>00000nz  a2200169   4500</leader>
         <controlfield tag="001">30000879</controlfield>
         <controlfield tag="003">RISM</controlfield>
         <controlfield tag="005">20160216</controlfield>
         <controlfield tag="008">160216n||az|||||||##########||||||||||||</controlfield>
         <datafield tag="040" ind1=" " ind2=" ">
            <subfield code="a">D-Mb</subfield>
         </datafield>
         <datafield tag="043" ind1=" " ind2=" ">
            <subfield code="c">XA-DE</subfield>
         </datafield>
         <datafield tag="110" ind1="2" ind2=" ">
            <subfield code="a">Benediktinerabtei St. Bonifaz, Bibliothek</subfield>
            <subfield code="c">München</subfield>
            <subfield code="g">D-Mb</subfield>
         </datafield>
         <datafield tag="622" ind1=" " ind2=" ">
            <subfield code="e">Benediktinerabtei St. Bonifaz,,  Bibliothek, Karlstraße 34, 80333 München, Germany</subfield>
            <subfield code="u">http://sankt-bonifaz.de/abtei/bibliothek/</subfield>
         </datafield>
      </record>