
      <record>
         <leader>00000nz  a2200169   4500</leader>
         <controlfield tag="001">30000882</controlfield>
         <controlfield tag="003">RISM</controlfield>
         <controlfield tag="005">20160216</controlfield>
         <controlfield tag="008">160216n||az|||||||##########||||||||||||</controlfield>
         <datafield tag="040" ind1=" " ind2=" ">
            <subfield code="a">D-Mbs</subfield>
         </datafield>
         <datafield tag="043" ind1=" " ind2=" ">
            <subfield code="c">XA-DE</subfield>
         </datafield>
         <datafield tag="110" ind1="2" ind2=" ">
            <subfield code="a">Bayerische Staatsbibliothek</subfield>
            <subfield code="c">München</subfield>
            <subfield code="g">D-Mbs</subfield>
         </datafield>
         <datafield tag="410" ind1="2" ind2=" ">
            <subfield code="a">Königliche Hof- und Staatsbibliothek</subfield>
         </datafield>
         <datafield tag="410" ind1="2" ind2=" ">
            <subfield code="a">Musikabteilung</subfield>
         </datafield>
         <datafield tag="410" ind1="2" ind2=" ">
            <subfield code="a">Abteilung Handschriften und alte Drucke</subfield>
         </datafield>
         <datafield tag="622" ind1=" " ind2=" ">
            <subfield code="e">Bayerische Staatsbibliothek,, Musikabteilung, Ludwigstraße 16, 80539 München, Germany</subfield>
            <subfield code="u">http://www.bsb-muenchen.de</subfield>
         </datafield>
         <datafield tag="710" ind1="2" ind2=" ">
            <subfield code="a">Schott Music GmbH &amp; Co. KG, Verlagsarchiv</subfield>
            <subfield code="0">30000931</subfield>
         </datafield>
      </record>