
      <record>
         <leader>00000nz  a2200169   4500</leader>
         <controlfield tag="001">30000901</controlfield>
         <controlfield tag="003">RISM</controlfield>
         <controlfield tag="005">20160216</controlfield>
         <controlfield tag="008">160216n||az|||||||##########||||||||||||</controlfield>
         <datafield tag="040" ind1=" " ind2=" ">
            <subfield code="a">D-MCH</subfield>
         </datafield>
         <datafield tag="043" ind1=" " ind2=" ">
            <subfield code="c">XA-DE</subfield>
         </datafield>
         <datafield tag="110" ind1="2" ind2=" ">
            <subfield code="a">Benediktinerabtei Maria Laach, Bibliothek</subfield>
            <subfield code="c">Maria Laach</subfield>
            <subfield code="g">D-MCH</subfield>
         </datafield>
         <datafield tag="622" ind1=" " ind2=" ">
            <subfield code="e">Benediktinerabtei Maria Laach,,  Bibliothek, 56653 Glees, Germany</subfield>
            <subfield code="u">http://www.maria-laach.de/</subfield>
         </datafield>
      </record>