
      <record>
         <leader>00000nz  a2200169   4500</leader>
         <controlfield tag="001">30001223</controlfield>
         <controlfield tag="003">RISM</controlfield>
         <controlfield tag="005">20160216</controlfield>
         <controlfield tag="008">160216n||az|||||||##########||||||||||||</controlfield>
         <datafield tag="040" ind1=" " ind2=" ">
            <subfield code="a">D-MEIk</subfield>
         </datafield>
         <datafield tag="043" ind1=" " ind2=" ">
            <subfield code="c">XA-DE</subfield>
         </datafield>
         <datafield tag="110" ind1="2" ind2=" ">
            <subfield code="a">Evangelisch-Lutherisches Pfarramt, Bibliothek</subfield>
            <subfield code="c">Meiningen</subfield>
            <subfield code="g">D-MEIk</subfield>
         </datafield>
         <datafield tag="410" ind1="2" ind2=" ">
            <subfield code="a">Evangelisch-Lutherische Kirchengemeinde, Bibliothek der Stadtkirche</subfield>
         </datafield>
         <datafield tag="410" ind1="2" ind2=" ">
            <subfield code="a">Evangelisch-Lutherische Kirchengemeinde, Bibliothek der Schlosskirche</subfield>
         </datafield>
         <datafield tag="622" ind1=" " ind2=" ">
            <subfield code="e">Evangelisch-Lutherisches Pfarramt,,  Bibliothek, Neu-Ulmer Str. 25b, 98617 Meiningen, Germany</subfield>
            <subfield code="u">http://www.kim-net.de/lilac_cms/de/1286,,/Evangelisch-Lutherische-Gemeinde/Start.html</subfield>
         </datafield>
      </record>