
      <record>
         <leader>00000nz  a2200169   4500</leader>
         <controlfield tag="001">30001224</controlfield>
         <controlfield tag="003">RISM</controlfield>
         <controlfield tag="005">20160216</controlfield>
         <controlfield tag="008">160216n||az|||||||##########||||||||||||</controlfield>
         <datafield tag="040" ind1=" " ind2=" ">
            <subfield code="a">D-MEIl</subfield>
         </datafield>
         <datafield tag="043" ind1=" " ind2=" ">
            <subfield code="c">XA-DE</subfield>
         </datafield>
         <datafield tag="110" ind1="2" ind2=" ">
            <subfield code="a">Thüringisches Staatsarchiv, Bibliothek</subfield>
            <subfield code="c">Meiningen</subfield>
            <subfield code="g">D-MEIl</subfield>
         </datafield>
         <datafield tag="410" ind1="2" ind2=" ">
            <subfield code="a">Historisches Staatsarchiv</subfield>
         </datafield>
         <datafield tag="410" ind1="2" ind2=" ">
            <subfield code="a">Landesarchiv</subfield>
         </datafield>
         <datafield tag="410" ind1="2" ind2=" ">
            <subfield code="a">Landeshauptarchiv</subfield>
         </datafield>
         <datafield tag="622" ind1=" " ind2=" ">
            <subfield code="e">Thüringisches Staatsarchiv, Bibliothek, Schloss Bibrabau, 98617 Meiningen, Germany</subfield>
            <subfield code="u">http://www.thueringen.de/th1/tsk/kultur/staatsarchive/index.aspx</subfield>
         </datafield>
      </record>