
      <record>
         <leader>00000nz  a2200169   4500</leader>
         <controlfield tag="001">30000056</controlfield>
         <controlfield tag="003">RISM</controlfield>
         <controlfield tag="005">20160216</controlfield>
         <controlfield tag="008">160216n||az|||||||##########||||||||||||</controlfield>
         <datafield tag="040" ind1=" " ind2=" ">
            <subfield code="a">D-MEIr</subfield>
         </datafield>
         <datafield tag="043" ind1=" " ind2=" ">
            <subfield code="c">XA-DE</subfield>
         </datafield>
         <datafield tag="110" ind1="2" ind2=" ">
            <subfield code="a">Meininger Museen, Sammlung Musikgeschichte, Max-Reger-Archiv</subfield>
            <subfield code="c">Meiningen</subfield>
            <subfield code="g">D-MEIr</subfield>
         </datafield>
         <datafield tag="410" ind1="2" ind2=" ">
            <subfield code="a">Staatliche Museen, Abteilung Musikgeschichte, Max-Reger-Archiv</subfield>
         </datafield>
         <datafield tag="622" ind1=" " ind2=" ">
            <subfield code="e">Meininger Museen, Sammlung,  Musikgeschichte, Max-Reger-Archiv, Schloss Elisabethenburg, Postfach 100554, 98605 Meiningen, Germany</subfield>
            <subfield code="u">http://www.musikgeschichte-meiningen.de/index.html</subfield>
         </datafield>
      </record>