
      <record>
         <leader>00000nz  a2200169   4500</leader>
         <controlfield tag="001">30077482</controlfield>
         <controlfield tag="003">RISM</controlfield>
         <controlfield tag="005">20160216</controlfield>
         <controlfield tag="008">160216n||az|||||||##########||||||||||||</controlfield>
         <datafield tag="040" ind1=" " ind2=" ">
            <subfield code="a">D-MEIskb</subfield>
         </datafield>
         <datafield tag="043" ind1=" " ind2=" ">
            <subfield code="c">XA-DE</subfield>
         </datafield>
         <datafield tag="110" ind1="2" ind2=" ">
            <subfield code="a">Stadt- und Kreisbibliothek Anna Seghers</subfield>
            <subfield code="c">Meiningen</subfield>
            <subfield code="g">D-MEIskb</subfield>
         </datafield>
         <datafield tag="410" ind1="2" ind2=" ">
            <subfield code="a">Herzogliche Bibliothek</subfield>
         </datafield>
         <datafield tag="622" ind1=" " ind2=" ">
            <subfield code="e">Stadt- und Kreisbibliothek Anna Seghers, Ernestinerstraße 38, 98617 Meiningen, Germany</subfield>
            <subfield code="u">http://www.meiningen.de/Kultur/Bibliothek/</subfield>
         </datafield>
      </record>