
      <record>
         <leader>00000nz  a2200169   4500</leader>
         <controlfield tag="001">30000902</controlfield>
         <controlfield tag="003">RISM</controlfield>
         <controlfield tag="005">20160216</controlfield>
         <controlfield tag="008">160216n||az|||||||##########||||||||||||</controlfield>
         <datafield tag="040" ind1=" " ind2=" ">
            <subfield code="a">D-MEL</subfield>
         </datafield>
         <datafield tag="043" ind1=" " ind2=" ">
            <subfield code="c">XA-DE</subfield>
         </datafield>
         <datafield tag="110" ind1="2" ind2=" ">
            <subfield code="a">Dithmarscher Landesmuseum, Jochimsche Bibliothek</subfield>
            <subfield code="c">Meldorf</subfield>
            <subfield code="g">D-MEL</subfield>
         </datafield>
         <datafield tag="622" ind1=" " ind2=" ">
            <subfield code="e">Dithmarscher Landesmuseum, Jochimsche,  Bibliothek, Bütjestraße 4, 25704 Meldorf, Germany</subfield>
            <subfield code="u">http://www.landesmuseum-dithmarschen.de/archiv/index.html</subfield>
         </datafield>
      </record>