
      <record>
         <leader>00000nz  a2200169   4500</leader>
         <controlfield tag="001">30001222</controlfield>
         <controlfield tag="003">RISM</controlfield>
         <controlfield tag="005">20160216</controlfield>
         <controlfield tag="008">160216n||az|||||||##########||||||||||||</controlfield>
         <datafield tag="040" ind1=" " ind2=" ">
            <subfield code="a">D-MEm</subfield>
         </datafield>
         <datafield tag="043" ind1=" " ind2=" ">
            <subfield code="c">XA-DE</subfield>
         </datafield>
         <datafield tag="110" ind1="2" ind2=" ">
            <subfield code="a">Stadtmuseum</subfield>
            <subfield code="c">Meißen (Sachsen)</subfield>
            <subfield code="g">D-MEm</subfield>
         </datafield>
         <datafield tag="622" ind1=" " ind2=" ">
            <subfield code="e">Stadtmuseum, Verwaltung, Schulplatz 5, 01662 Meißen (Sachsen), Germany</subfield>
            <subfield code="u">http://www.stadt-meissen.de/stadtmuseum.html</subfield>
         </datafield>
      </record>