
      <record>
         <leader>00000nz  a2200169   4500</leader>
         <controlfield tag="001">30001227</controlfield>
         <controlfield tag="003">RISM</controlfield>
         <controlfield tag="005">20160216</controlfield>
         <controlfield tag="008">160216n||az|||||||##########||||||||||||</controlfield>
         <datafield tag="040" ind1=" " ind2=" ">
            <subfield code="a">D-MERa</subfield>
         </datafield>
         <datafield tag="043" ind1=" " ind2=" ">
            <subfield code="c">XA-DE</subfield>
         </datafield>
         <datafield tag="110" ind1="2" ind2=" ">
            <subfield code="a">Domstiftsarchiv und Domstiftsbibliothek</subfield>
            <subfield code="c">Merseburg</subfield>
            <subfield code="g">D-MERa</subfield>
         </datafield>
         <datafield tag="410" ind1="2" ind2=" ">
            <subfield code="a">Vereinigte Domstifter zu Merseburg und Naumburg und des Kollegiatstifts Zeitz</subfield>
         </datafield>
         <datafield tag="622" ind1=" " ind2=" ">
            <subfield code="e">Domstiftsarchiv und Domstiftsbibliothek, Domplatz 7, 06217 Merseburg, Germany</subfield>
            <subfield code="u">http://www.vereinigte-domstifter.de/de/uebersicht/</subfield>
         </datafield>
      </record>