
      <record>
         <leader>00000nz  a2200169   4500</leader>
         <controlfield tag="001">30001228</controlfield>
         <controlfield tag="003">RISM</controlfield>
         <controlfield tag="005">20160216</controlfield>
         <controlfield tag="008">160216n||az|||||||##########||||||||||||</controlfield>
         <datafield tag="040" ind1=" " ind2=" ">
            <subfield code="a">D-MERs</subfield>
         </datafield>
         <datafield tag="043" ind1=" " ind2=" ">
            <subfield code="c">XA-DE</subfield>
         </datafield>
         <datafield tag="110" ind1="2" ind2=" ">
            <subfield code="a">Stadtbibliothek "Walter Bauer"</subfield>
            <subfield code="c">Merseburg</subfield>
            <subfield code="g">D-MERs</subfield>
         </datafield>
         <datafield tag="410" ind1="2" ind2=" ">
            <subfield code="a">Regierungsbibliothek</subfield>
         </datafield>
         <datafield tag="410" ind1="2" ind2=" ">
            <subfield code="a">Stadt- und Kreisbibliothek</subfield>
         </datafield>
         <datafield tag="622" ind1=" " ind2=" ">
            <subfield code="e">Stadtbibliothek "Walter Bauer", König-Heinrich-Str. 20, 06217 Merseburg, Germany</subfield>
            <subfield code="u">http://www.merseburg.de/de/stadtbibliothek-und-stadtarchiv.html</subfield>
         </datafield>
      </record>