
      <record>
         <leader>00000nz  a2200169   4500</leader>
         <controlfield tag="001">30003766</controlfield>
         <controlfield tag="003">RISM</controlfield>
         <controlfield tag="005">20160216</controlfield>
         <controlfield tag="008">160216n||az|||||||##########||||||||||||</controlfield>
         <datafield tag="040" ind1=" " ind2=" ">
            <subfield code="a">D-MERsm</subfield>
         </datafield>
         <datafield tag="043" ind1=" " ind2=" ">
            <subfield code="c">XA-DE</subfield>
         </datafield>
         <datafield tag="110" ind1="2" ind2=" ">
            <subfield code="a">Kulturhistorisches Museum Schloss Merseburg</subfield>
            <subfield code="c">Merseburg</subfield>
            <subfield code="g">D-MERsm</subfield>
         </datafield>
         <datafield tag="410" ind1="2" ind2=" ">
            <subfield code="a">Schlossmuseum</subfield>
         </datafield>
         <datafield tag="622" ind1=" " ind2=" ">
            <subfield code="e">Kulturhistorisches Museum Schloss,  Merseburg, Domplatz 9, 06217 Merseburg, Germany</subfield>
            <subfield code="u">http://goo.gl/cYv9s5</subfield>
         </datafield>
      </record>