
      <record>
         <leader>00000nz  a2200169   4500</leader>
         <controlfield tag="001">30000175</controlfield>
         <controlfield tag="003">RISM</controlfield>
         <controlfield tag="005">20160216</controlfield>
         <controlfield tag="008">160216n||az|||||||##########||||||||||||</controlfield>
         <datafield tag="040" ind1=" " ind2=" ">
            <subfield code="a">D-MERz</subfield>
         </datafield>
         <datafield tag="043" ind1=" " ind2=" ">
            <subfield code="c">XA-DE</subfield>
         </datafield>
         <datafield tag="110" ind1="2" ind2=" ">
            <subfield code="a">Zentrales Staatsarchiv, Historische Abteilung II</subfield>
            <subfield code="c">Merseburg</subfield>
            <subfield code="g">D-MERz</subfield>
         </datafield>
         <datafield tag="410" ind1="2" ind2=" ">
            <subfield code="a">Zentrales Staatsarchiv der DDR, Historische Abteilung II</subfield>
         </datafield>
         <datafield tag="410" ind1="2" ind2=" ">
            <subfield code="a">Deutsches Zentral-Archiv, Historische Abteilung II</subfield>
         </datafield>
         <datafield tag="410" ind1="2" ind2=" ">
            <subfield code="a">Preußisches Staatsarchiv</subfield>
         </datafield>
         <datafield tag="580" ind1=" " ind2=" ">
            <subfield code="x">D-Bga</subfield>
            <subfield code="0">30005632</subfield>
         </datafield>
      </record>