
      <record>
         <leader>00000nz  a2200169   4500</leader>
         <controlfield tag="001">30003803</controlfield>
         <controlfield tag="003">RISM</controlfield>
         <controlfield tag="005">20160216</controlfield>
         <controlfield tag="008">160216n||az|||||||##########||||||||||||</controlfield>
         <datafield tag="040" ind1=" " ind2=" ">
            <subfield code="a">D-MEUp</subfield>
         </datafield>
         <datafield tag="043" ind1=" " ind2=" ">
            <subfield code="c">XA-DE</subfield>
         </datafield>
         <datafield tag="110" ind1="2" ind2=" ">
            <subfield code="a">Pfarrarchiv Meuro</subfield>
            <subfield code="c">Bad Schmiedeberg-Meuro</subfield>
            <subfield code="g">D-MEUp</subfield>
         </datafield>
         <datafield tag="622" ind1=" " ind2=" ">
            <subfield code="e">Pfarrarchiv Meuro, Meuro 30, 06905 Bad Schmiedeberg-Meuro, Germany</subfield>
         </datafield>
      </record>