
      <record>
         <leader>00000nz  a2200169   4500</leader>
         <controlfield tag="001">30000903</controlfield>
         <controlfield tag="003">RISM</controlfield>
         <controlfield tag="005">20160216</controlfield>
         <controlfield tag="008">160216n||az|||||||##########||||||||||||</controlfield>
         <datafield tag="040" ind1=" " ind2=" ">
            <subfield code="a">D-MFL</subfield>
         </datafield>
         <datafield tag="043" ind1=" " ind2=" ">
            <subfield code="c">XA-DE</subfield>
         </datafield>
         <datafield tag="110" ind1="2" ind2=" ">
            <subfield code="a">St. Michael-Gymnasium, Schüler-Lehrer-Bibliothek</subfield>
            <subfield code="c">Bad Münstereifel</subfield>
            <subfield code="g">D-MFL</subfield>
         </datafield>
         <datafield tag="622" ind1=" " ind2=" ">
            <subfield code="e">St. Michael-Gymnasium,,  Schüler-Lehrer-Bibliothek, Markt 11, 53902 Bad Münstereifel, Germany</subfield>
            <subfield code="u">http://www.stmg.de/</subfield>
         </datafield>
      </record>