
      <record>
         <leader>00000nz  a2200169   4500</leader>
         <controlfield tag="001">30002796</controlfield>
         <controlfield tag="003">RISM</controlfield>
         <controlfield tag="005">20160216</controlfield>
         <controlfield tag="008">160216n||az|||||||##########||||||||||||</controlfield>
         <datafield tag="040" ind1=" " ind2=" ">
            <subfield code="a">D-MGB</subfield>
         </datafield>
         <datafield tag="043" ind1=" " ind2=" ">
            <subfield code="c">XA-DE</subfield>
         </datafield>
         <datafield tag="110" ind1="2" ind2=" ">
            <subfield code="a">Bibliothek Wissenschaft und Weisheit</subfield>
            <subfield code="c">Mönchengladbach</subfield>
            <subfield code="g">D-MGB</subfield>
         </datafield>
         <datafield tag="410" ind1="2" ind2=" ">
            <subfield code="a">Johannes-Duns-Skotus-Akademie der Kölnischen Ordens-Provinz der Franziskaner</subfield>
         </datafield>
         <datafield tag="580" ind1=" " ind2=" ">
            <subfield code="x">D-MGBm</subfield>
            <subfield code="0">30004161</subfield>
         </datafield>
         <datafield tag="622" ind1=" " ind2=" ">
            <subfield code="e">Bibliothek Wissenschaft und Weisheit, Johannes-Duns-Skotus-Akademie, Franziskanerstraße 30, 41063 Mönchengladbach, Germany</subfield>
            <subfield code="u">http://www.moenchengladbach.de/index.php?id=kostbare_bibeln</subfield>
         </datafield>
      </record>