
      <record>
         <leader>00000nz  a2200169   4500</leader>
         <controlfield tag="001">30004161</controlfield>
         <controlfield tag="003">RISM</controlfield>
         <controlfield tag="005">20160216</controlfield>
         <controlfield tag="008">160216n||az|||||||##########||||||||||||</controlfield>
         <datafield tag="040" ind1=" " ind2=" ">
            <subfield code="a">D-MGBm</subfield>
         </datafield>
         <datafield tag="043" ind1=" " ind2=" ">
            <subfield code="c">XA-DE</subfield>
         </datafield>
         <datafield tag="110" ind1="2" ind2=" ">
            <subfield code="a">Stadtbibliothek - Zentralbibliothek, Musikbücherei</subfield>
            <subfield code="c">Mönchengladbach</subfield>
            <subfield code="g">D-MGBm</subfield>
         </datafield>
         <datafield tag="622" ind1=" " ind2=" ">
            <subfield code="e">Stadtbibliothek - Zentralbibliothek,,  Musikbücherei, Carl-Brandts-Haus, Blücherstr. 6, 41050 Mönchengladbach, Germany</subfield>
            <subfield code="u">http://www.moenchengladbach.de/index.php?id=stadtbibliothek</subfield>
         </datafield>
      </record>