
      <record>
         <leader>00000nz  a2200169   4500</leader>
         <controlfield tag="001">30002793</controlfield>
         <controlfield tag="003">RISM</controlfield>
         <controlfield tag="005">20160216</controlfield>
         <controlfield tag="008">160216n||az|||||||##########||||||||||||</controlfield>
         <datafield tag="040" ind1=" " ind2=" ">
            <subfield code="a">D-MGhi</subfield>
         </datafield>
         <datafield tag="043" ind1=" " ind2=" ">
            <subfield code="c">XA-DE</subfield>
         </datafield>
         <datafield tag="110" ind1="2" ind2=" ">
            <subfield code="a">Herder-Institut für historische Ostmitteleuropaforschung, Bibliothek</subfield>
            <subfield code="c">Marburg</subfield>
            <subfield code="g">D-MGhi</subfield>
         </datafield>
         <datafield tag="410" ind1="2" ind2=" ">
            <subfield code="a">Johann-Gottfried-Herder-Institut</subfield>
         </datafield>
         <datafield tag="622" ind1=" " ind2=" ">
            <subfield code="e">Herder-Institut für historische,  Ostmitteleuropaforschung, Bibliothek, Gisonenweg 5-7, 35037 Marburg, Germany</subfield>
            <subfield code="u">http://www.herder-institut.de/startseite.html</subfield>
         </datafield>
      </record>