
      <record>
         <leader>00000nz  a2200169   4500</leader>
         <controlfield tag="001">30006080</controlfield>
         <controlfield tag="003">RISM</controlfield>
         <controlfield tag="005">20160216</controlfield>
         <controlfield tag="008">160216n||az|||||||##########||||||||||||</controlfield>
         <datafield tag="040" ind1=" " ind2=" ">
            <subfield code="a">D-MGHj</subfield>
         </datafield>
         <datafield tag="043" ind1=" " ind2=" ">
            <subfield code="c">XA-DE</subfield>
         </datafield>
         <datafield tag="110" ind1="2" ind2=" ">
            <subfield code="a">Katholisches Münsterpfarramt St. Johannes Baptist, Archiv der Johanneskirche</subfield>
            <subfield code="c">Bad Mergentheim</subfield>
            <subfield code="g">D-MGHj</subfield>
         </datafield>
         <datafield tag="622" ind1=" " ind2=" ">
            <subfield code="e">Katholisches Münsterpfarramt St.,  Johannes Baptist, Archiv der,  Johanneskirche, Ledermarkt 12, 97980 Bad Mergentheim, Germany</subfield>
            <subfield code="u">http://www.st-johannes-mgh.com/</subfield>
         </datafield>
      </record>