
      <record>
         <leader>00000nz  a2200169   4500</leader>
         <controlfield tag="001">30000905</controlfield>
         <controlfield tag="003">RISM</controlfield>
         <controlfield tag="005">20160216</controlfield>
         <controlfield tag="008">160216n||az|||||||##########||||||||||||</controlfield>
         <datafield tag="040" ind1=" " ind2=" ">
            <subfield code="a">D-MGmi</subfield>
         </datafield>
         <datafield tag="043" ind1=" " ind2=" ">
            <subfield code="c">XA-DE</subfield>
         </datafield>
         <datafield tag="110" ind1="2" ind2=" ">
            <subfield code="a">Hessisches Musikarchiv</subfield>
            <subfield code="c">Marburg</subfield>
            <subfield code="g">D-MGmi</subfield>
         </datafield>
         <datafield tag="410" ind1="2" ind2=" ">
            <subfield code="a">Musikwissenschaftliches Institut der Philipps-Universität, Abteilung Hessisches Musikarchiv</subfield>
         </datafield>
         <datafield tag="622" ind1=" " ind2=" ">
            <subfield code="e">Hessisches Musikarchiv, c/o Musikwissenschaftliches Institut der,  Philipps-Universität, Biegenstraße 11, 35037 Marburg, Germany</subfield>
            <subfield code="u">http://www.uni-marburg.de/fb09/hma</subfield>
         </datafield>
      </record>