
      <record>
         <leader>00000nz  a2200169   4500</leader>
         <controlfield tag="001">30000907</controlfield>
         <controlfield tag="003">RISM</controlfield>
         <controlfield tag="005">20160216</controlfield>
         <controlfield tag="008">160216n||az|||||||##########||||||||||||</controlfield>
         <datafield tag="040" ind1=" " ind2=" ">
            <subfield code="a">D-MGu</subfield>
         </datafield>
         <datafield tag="043" ind1=" " ind2=" ">
            <subfield code="c">XA-DE</subfield>
         </datafield>
         <datafield tag="110" ind1="2" ind2=" ">
            <subfield code="a">Philipps-Universität, Universitätsbibliothek</subfield>
            <subfield code="c">Marburg</subfield>
            <subfield code="g">D-MGu</subfield>
         </datafield>
         <datafield tag="622" ind1=" " ind2=" ">
            <subfield code="e">Philipps-Universität,,  Universitätsbibliothek, Wilhelm-Röpke-Straße 4, 35039 Marburg, Germany</subfield>
            <subfield code="u">https://www.uni-marburg.de/bis</subfield>
         </datafield>
      </record>