
      <record>
         <leader>00000nz  a2200169   4500</leader>
         <controlfield tag="001">30006022</controlfield>
         <controlfield tag="003">RISM</controlfield>
         <controlfield tag="005">20160216</controlfield>
         <controlfield tag="008">160216n||az|||||||##########||||||||||||</controlfield>
         <datafield tag="040" ind1=" " ind2=" ">
            <subfield code="a">D-MHh</subfield>
         </datafield>
         <datafield tag="043" ind1=" " ind2=" ">
            <subfield code="c">XA-DE</subfield>
         </datafield>
         <datafield tag="110" ind1="2" ind2=" ">
            <subfield code="a">Staatliche Hochschule für Musik und Darstellende Kunst Mannheim, Bibliothek</subfield>
            <subfield code="c">Mannheim</subfield>
            <subfield code="g">D-MHh</subfield>
         </datafield>
         <datafield tag="410" ind1="2" ind2=" ">
            <subfield code="a">University of Music and Performing Arts</subfield>
         </datafield>
         <datafield tag="622" ind1=" " ind2=" ">
            <subfield code="e">Staatliche Hochschule für Musik und,  Darstellende Kunst Mannheim, Bibliothek, N 7, 18, 68161 Mannheim, Germany</subfield>
            <subfield code="u">http://www.muho-mannheim.de/frame.php?path=/bibliothek</subfield>
         </datafield>
      </record>