
      <record>
         <leader>00000nz  a2200169   4500</leader>
         <controlfield tag="001">30006430</controlfield>
         <controlfield tag="003">RISM</controlfield>
         <controlfield tag="005">20160216</controlfield>
         <controlfield tag="008">160216n||az|||||||##########||||||||||||</controlfield>
         <datafield tag="040" ind1=" " ind2=" ">
            <subfield code="a">D-MHjk</subfield>
         </datafield>
         <datafield tag="043" ind1=" " ind2=" ">
            <subfield code="c">XA-DE</subfield>
         </datafield>
         <datafield tag="110" ind1="2" ind2=" ">
            <subfield code="a">Pfarr- und Dekanatsbüro an der Jesuitenkirche</subfield>
            <subfield code="c">Mannheim</subfield>
            <subfield code="g">D-MHjk</subfield>
         </datafield>
         <datafield tag="622" ind1=" " ind2=" ">
            <subfield code="e">Pfarr- und Dekanatsbüro an der,  Jesuitenkirche, A 4, 2, 68159 Mannheim, Germany</subfield>
            <subfield code="u">http://www.jesuitenkirchemannheim.de/jesuitenkirche/index.cfm</subfield>
         </datafield>
      </record>