
      <record>
         <leader>00000nz  a2200169   4500</leader>
         <controlfield tag="001">30000910</controlfield>
         <controlfield tag="003">RISM</controlfield>
         <controlfield tag="005">20160216</controlfield>
         <controlfield tag="008">160216n||az|||||||##########||||||||||||</controlfield>
         <datafield tag="040" ind1=" " ind2=" ">
            <subfield code="a">D-MHR</subfield>
         </datafield>
         <datafield tag="043" ind1=" " ind2=" ">
            <subfield code="c">XA-DE</subfield>
         </datafield>
         <datafield tag="110" ind1="2" ind2=" ">
            <subfield code="a">Stadtbibliothek im Medienhaus</subfield>
            <subfield code="c">Mülheim an der Ruhr</subfield>
            <subfield code="g">D-MHR</subfield>
         </datafield>
         <datafield tag="622" ind1=" " ind2=" ">
            <subfield code="e">Stadtbibliothek im Medienhaus, Synagogenpl. 3, 45468 Mülheim an der Ruhr, Germany</subfield>
            <subfield code="u">https://www.muelheim-ruhr.de/cms/stadtbibliothek_aktuell.html</subfield>
         </datafield>
      </record>