
      <record>
         <leader>00000nz  a2200169   4500</leader>
         <controlfield tag="001">30003274</controlfield>
         <controlfield tag="003">RISM</controlfield>
         <controlfield tag="005">20160216</controlfield>
         <controlfield tag="008">160216n||az|||||||##########||||||||||||</controlfield>
         <datafield tag="040" ind1=" " ind2=" ">
            <subfield code="a">D-MHrm</subfield>
         </datafield>
         <datafield tag="043" ind1=" " ind2=" ">
            <subfield code="c">XA-DE</subfield>
         </datafield>
         <datafield tag="110" ind1="2" ind2=" ">
            <subfield code="a">Reiss-Engelhorn-Museen - Museum Zeughaus</subfield>
            <subfield code="c">Mannheim</subfield>
            <subfield code="g">D-MHrm</subfield>
         </datafield>
         <datafield tag="410" ind1="2" ind2=" ">
            <subfield code="a">Städtisches Reiß-Museum</subfield>
         </datafield>
         <datafield tag="622" ind1=" " ind2=" ">
            <subfield code="e">Reiss-Engelhorn-Museen - Museum Zeughaus, C 5, 68030 Mannheim, Germany</subfield>
            <subfield code="u">http://www.rem-mannheim.de/index.php?id=22</subfield>
         </datafield>
      </record>