
      <record>
         <leader>00000nz  a2200169   4500</leader>
         <controlfield tag="001">1040</controlfield>
         <controlfield tag="003">RISM</controlfield>
         <controlfield tag="005">20160216</controlfield>
         <controlfield tag="008">160216n||az|||||||##########||||||||||||</controlfield>
         <datafield tag="040" ind1=" " ind2=" ">
            <subfield code="a">D-MHs</subfield>
         </datafield>
         <datafield tag="043" ind1=" " ind2=" ">
            <subfield code="c">XA-DE</subfield>
         </datafield>
         <datafield tag="110" ind1="2" ind2=" ">
            <subfield code="a">Stadtarchiv</subfield>
            <subfield code="c">Mannheim</subfield>
            <subfield code="g">D-MHs</subfield>
         </datafield>
         <datafield tag="410" ind1="2" ind2=" ">
            <subfield code="a">Institut für Stadtgeschichte</subfield>
         </datafield>
         <datafield tag="622" ind1=" " ind2=" ">
            <subfield code="e">Stadtarchiv, Collini-Center, Collinistr. 1, 68161 Mannheim, Germany</subfield>
            <subfield code="u">http://www.stadtarchiv.mannheim.de</subfield>
         </datafield>
      </record>