
      <record>
         <leader>00000nz  a2200169   4500</leader>
         <controlfield tag="001">30005762</controlfield>
         <controlfield tag="003">RISM</controlfield>
         <controlfield tag="005">20160216</controlfield>
         <controlfield tag="008">160216n||az|||||||##########||||||||||||</controlfield>
         <datafield tag="040" ind1=" " ind2=" ">
            <subfield code="a">D-Mhsa</subfield>
         </datafield>
         <datafield tag="043" ind1=" " ind2=" ">
            <subfield code="c">XA-DE</subfield>
         </datafield>
         <datafield tag="110" ind1="2" ind2=" ">
            <subfield code="a">Bayerisches Hauptstaatsarchiv, Bibliothek</subfield>
            <subfield code="c">München</subfield>
            <subfield code="g">D-Mhsa</subfield>
         </datafield>
         <datafield tag="622" ind1=" " ind2=" ">
            <subfield code="e">Bayerisches Hauptstaatsarchiv,,  Bibliothek, Schönfeldstr. 5-11, 80539 München, Germany</subfield>
            <subfield code="u">http://www.gda.bayern.de/archive/hauptstaatsarchiv/</subfield>
         </datafield>
      </record>