
      <record>
         <leader>00000nz  a2200169   4500</leader>
         <controlfield tag="001">30000909</controlfield>
         <controlfield tag="003">RISM</controlfield>
         <controlfield tag="005">20160216</controlfield>
         <controlfield tag="008">160216n||az|||||||##########||||||||||||</controlfield>
         <datafield tag="040" ind1=" " ind2=" ">
            <subfield code="a">D-MHst</subfield>
         </datafield>
         <datafield tag="043" ind1=" " ind2=" ">
            <subfield code="c">XA-DE</subfield>
         </datafield>
         <datafield tag="110" ind1="2" ind2=" ">
            <subfield code="a">Stadtbibliothek, Musikbibliothek im Dalberghaus</subfield>
            <subfield code="c">Mannheim</subfield>
            <subfield code="g">D-MHst</subfield>
         </datafield>
         <datafield tag="622" ind1=" " ind2=" ">
            <subfield code="e">Stadtbibliothek, Musikbibliothek im,  Dalberghaus, N 3, 4, 68161 Mannheim, Germany</subfield>
            <subfield code="u">https://www.mannheim.de/node/1341</subfield>
         </datafield>
      </record>