
      <record>
         <leader>00000nz  a2200169   4500</leader>
         <controlfield tag="001">30000911</controlfield>
         <controlfield tag="003">RISM</controlfield>
         <controlfield tag="005">20160216</controlfield>
         <controlfield tag="008">160216n||az|||||||##########||||||||||||</controlfield>
         <datafield tag="040" ind1=" " ind2=" ">
            <subfield code="a">D-MI</subfield>
         </datafield>
         <datafield tag="043" ind1=" " ind2=" ">
            <subfield code="c">XA-DE</subfield>
         </datafield>
         <datafield tag="110" ind1="2" ind2=" ">
            <subfield code="a">Evangelisches Pfarramt West, Bibliothek</subfield>
            <subfield code="c">Michelstadt</subfield>
            <subfield code="g">D-MI</subfield>
         </datafield>
         <datafield tag="622" ind1=" " ind2=" ">
            <subfield code="e">Evangelisches Pfarramt West, Bibliothek, Kellereibergstraße 30, 64720 Michelstadt, Germany</subfield>
         </datafield>
      </record>