
      <record>
         <leader>00000nz  a2200169   4500</leader>
         <controlfield tag="001">30001229</controlfield>
         <controlfield tag="003">RISM</controlfield>
         <controlfield tag="005">20160216</controlfield>
         <controlfield tag="008">160216n||az|||||||##########||||||||||||</controlfield>
         <datafield tag="040" ind1=" " ind2=" ">
            <subfield code="a">D-MK</subfield>
         </datafield>
         <datafield tag="043" ind1=" " ind2=" ">
            <subfield code="c">XA-DE</subfield>
         </datafield>
         <datafield tag="110" ind1="2" ind2=" ">
            <subfield code="a">Musikinstrumentenmuseum</subfield>
            <subfield code="c">Markneukirchen</subfield>
            <subfield code="g">D-MK</subfield>
         </datafield>
         <datafield tag="410" ind1="2" ind2=" ">
            <subfield code="a">Gewerbemuseum, Musikinstrumentensammlung</subfield>
         </datafield>
         <datafield tag="622" ind1=" " ind2=" ">
            <subfield code="e">Musikinstrumentenmuseum, Bienengarten 2, 08258 Markneukirchen, Germany</subfield>
            <subfield code="u">http://www.museum-markneukirchen.de/</subfield>
         </datafield>
      </record>