
      <record>
         <leader>00000nz  a2200169   4500</leader>
         <controlfield tag="001">30000886</controlfield>
         <controlfield tag="003">RISM</controlfield>
         <controlfield tag="005">20160216</controlfield>
         <controlfield tag="008">160216n||az|||||||##########||||||||||||</controlfield>
         <datafield tag="040" ind1=" " ind2=" ">
            <subfield code="a">D-Ml</subfield>
         </datafield>
         <datafield tag="043" ind1=" " ind2=" ">
            <subfield code="c">XA-DE</subfield>
         </datafield>
         <datafield tag="110" ind1="2" ind2=" ">
            <subfield code="a">Evangelisch-Lutherische Kirche in Bayern Landeskirchenamt</subfield>
            <subfield code="c">München</subfield>
            <subfield code="g">D-Ml</subfield>
         </datafield>
         <datafield tag="622" ind1=" " ind2=" ">
            <subfield code="e">Evangelisch-Lutherische Kirche in Bayern,  Landeskirchenamt, Katharina-von-Bora-Straße 7-13, 80333 München, Germany</subfield>
            <subfield code="u">http://www.bayern-evangelisch.de/wir-ueber-uns/landeskirchenamt.php</subfield>
         </datafield>
      </record>