
      <record>
         <leader>00000nz  a2200169   4500</leader>
         <controlfield tag="001">30002922</controlfield>
         <controlfield tag="003">RISM</controlfield>
         <controlfield tag="005">20160216</controlfield>
         <controlfield tag="008">160216n||az|||||||##########||||||||||||</controlfield>
         <datafield tag="040" ind1=" " ind2=" ">
            <subfield code="a">D-MLHe</subfield>
         </datafield>
         <datafield tag="043" ind1=" " ind2=" ">
            <subfield code="c">XA-DE</subfield>
         </datafield>
         <datafield tag="110" ind1="2" ind2=" ">
            <subfield code="a">Ephoralarchiv</subfield>
            <subfield code="c">Mühlhausen (Thüringen)</subfield>
            <subfield code="g">D-MLHe</subfield>
         </datafield>
         <datafield tag="622" ind1=" " ind2=" ">
            <subfield code="e">Ephoralarchiv, 99974 Mühlhausen (Thüringen), Germany</subfield>
         </datafield>
      </record>