
      <record>
         <leader>00000nz  a2200169   4500</leader>
         <controlfield tag="001">30000888</controlfield>
         <controlfield tag="003">RISM</controlfield>
         <controlfield tag="005">20160216</controlfield>
         <controlfield tag="008">160216n||az|||||||##########||||||||||||</controlfield>
         <datafield tag="040" ind1=" " ind2=" ">
            <subfield code="a">D-Mmb</subfield>
         </datafield>
         <datafield tag="043" ind1=" " ind2=" ">
            <subfield code="c">XA-DE</subfield>
         </datafield>
         <datafield tag="110" ind1="2" ind2=" ">
            <subfield code="a">Münchner Stadtbibliothek, Musikbibliothek&#xD;
</subfield>
            <subfield code="c">München</subfield>
            <subfield code="g">D-Mmb</subfield>
         </datafield>
         <datafield tag="410" ind1="2" ind2=" ">
            <subfield code="a">Städtische Musikbibliothek</subfield>
         </datafield>
         <datafield tag="622" ind1=" " ind2=" ">
            <subfield code="e">Münchner Stadtbibliothek,, Musikbibliothek&#xD;
, Rosenheimer Straße 5, 81667 München, Germany</subfield>
            <subfield code="u">http://www.muenchner-stadtbibliothek.de/bibliotheken/musikbibliothek/</subfield>
         </datafield>
      </record>