
      <record>
         <leader>00000nz  a2200169   4500</leader>
         <controlfield tag="001">30000912</controlfield>
         <controlfield tag="003">RISM</controlfield>
         <controlfield tag="005">20160216</controlfield>
         <controlfield tag="008">160216n||az|||||||##########||||||||||||</controlfield>
         <datafield tag="040" ind1=" " ind2=" ">
            <subfield code="a">D-MMm</subfield>
         </datafield>
         <datafield tag="043" ind1=" " ind2=" ">
            <subfield code="c">XA-DE</subfield>
         </datafield>
         <datafield tag="110" ind1="2" ind2=" ">
            <subfield code="a">Evangelisch-Lutherisches Pfarramt St. Martin, Bibliothek</subfield>
            <subfield code="c">Memmingen</subfield>
            <subfield code="g">D-MMm</subfield>
         </datafield>
         <datafield tag="622" ind1=" " ind2=" ">
            <subfield code="e">Evangelisch-Lutherisches Pfarramt St.,  Martin, Bibliothek, Zangmeisterstr. 13, 87700 Memmingen, Germany</subfield>
            <subfield code="u">http://www.stmartin-memmingen.de/</subfield>
         </datafield>
      </record>