
      <record>
         <leader>00000nz  a2200169   4500</leader>
         <controlfield tag="001">30000913</controlfield>
         <controlfield tag="003">RISM</controlfield>
         <controlfield tag="005">20160216</controlfield>
         <controlfield tag="008">160216n||az|||||||##########||||||||||||</controlfield>
         <datafield tag="040" ind1=" " ind2=" ">
            <subfield code="a">D-MMs</subfield>
         </datafield>
         <datafield tag="043" ind1=" " ind2=" ">
            <subfield code="c">XA-DE</subfield>
         </datafield>
         <datafield tag="110" ind1="2" ind2=" ">
            <subfield code="a">Stadtbibliothek</subfield>
            <subfield code="c">Memmingen</subfield>
            <subfield code="g">D-MMs</subfield>
         </datafield>
         <datafield tag="622" ind1=" " ind2=" ">
            <subfield code="e">Stadtbibliothek, Antonierhaus, Martin-Luther-Platz 1, 87700 Memmingen, Germany</subfield>
            <subfield code="u">http://www.memmingen.de/stadtbibliothek.html</subfield>
         </datafield>
      </record>