
      <record>
         <leader>00000nz  a2200169   4500</leader>
         <controlfield tag="001">30002785</controlfield>
         <controlfield tag="003">RISM</controlfield>
         <controlfield tag="005">20160216</controlfield>
         <controlfield tag="008">160216n||az|||||||##########||||||||||||</controlfield>
         <datafield tag="040" ind1=" " ind2=" ">
            <subfield code="a">D-MN</subfield>
         </datafield>
         <datafield tag="043" ind1=" " ind2=" ">
            <subfield code="c">XA-DE</subfield>
         </datafield>
         <datafield tag="110" ind1="2" ind2=" ">
            <subfield code="a">Evangelisches Pfarramt St. Jakobi, Bibliothek</subfield>
            <subfield code="c">Mücheln (Geiseltal)</subfield>
            <subfield code="g">D-MN</subfield>
         </datafield>
         <datafield tag="622" ind1=" " ind2=" ">
            <subfield code="e">Evangelisches Pfarramt St. Jakobi,,  Bibliothek, Pfarrgasse 3, 06249 Mücheln (Geiseltal), Germany</subfield>
            <subfield code="u">http://www.evkirchenmuecheln.de/index.html</subfield>
         </datafield>
      </record>