
      <record>
         <leader>00000nz  a2200169   4500</leader>
         <controlfield tag="001">30000915</controlfield>
         <controlfield tag="003">RISM</controlfield>
         <controlfield tag="005">20160216</controlfield>
         <controlfield tag="008">160216n||az|||||||##########||||||||||||</controlfield>
         <datafield tag="040" ind1=" " ind2=" ">
            <subfield code="a">D-MÖ</subfield>
         </datafield>
         <datafield tag="043" ind1=" " ind2=" ">
            <subfield code="c">XA-DE</subfield>
         </datafield>
         <datafield tag="110" ind1="2" ind2=" ">
            <subfield code="a">Evangelisch-Lutherische Kirchengemeinde, Bibliothek</subfield>
            <subfield code="c">Mölln</subfield>
            <subfield code="g">D-MÖ</subfield>
         </datafield>
         <datafield tag="622" ind1=" " ind2=" ">
            <subfield code="e">Evangelisch-Lutherische Kirchengemeinde,,  Bibliothek, Jochim-Polleyn-Platz 9, 23879 Mölln, Germany</subfield>
            <subfield code="u">http://www.kirche-moelln.de/</subfield>
         </datafield>
      </record>