
      <record>
         <leader>00000nz  a2200169   4500</leader>
         <controlfield tag="001">30002924</controlfield>
         <controlfield tag="003">RISM</controlfield>
         <controlfield tag="005">20160216</controlfield>
         <controlfield tag="008">160216n||az|||||||##########||||||||||||</controlfield>
         <datafield tag="040" ind1=" " ind2=" ">
            <subfield code="a">D-MÖB</subfield>
         </datafield>
         <datafield tag="043" ind1=" " ind2=" ">
            <subfield code="c">XA-DE</subfield>
         </datafield>
         <datafield tag="110" ind1="2" ind2=" ">
            <subfield code="a">Evangelische Kirchengemeinde Mölbis, Pfarrarchiv</subfield>
            <subfield code="c">Rötha-Mölbis</subfield>
            <subfield code="g">D-MÖB</subfield>
         </datafield>
         <datafield tag="622" ind1=" " ind2=" ">
            <subfield code="e">Evangelische Kirchengemeinde Mölbis,,  Pfarrarchiv, Pfarramt, Straße der Republik 10, 04571 Rötha-Mölbis, Germany</subfield>
            <subfield code="u">http://www.kirche-im-leipziger-land.de/</subfield>
         </datafield>
      </record>