
      <record>
         <leader>00000nz  a2200169   4500</leader>
         <controlfield tag="001">30002925</controlfield>
         <controlfield tag="003">RISM</controlfield>
         <controlfield tag="005">20160216</controlfield>
         <controlfield tag="008">160216n||az|||||||##########||||||||||||</controlfield>
         <datafield tag="040" ind1=" " ind2=" ">
            <subfield code="a">D-MÖCH</subfield>
         </datafield>
         <datafield tag="043" ind1=" " ind2=" ">
            <subfield code="c">XA-DE</subfield>
         </datafield>
         <datafield tag="110" ind1="2" ind2=" ">
            <subfield code="a">Kirchspiel Gehren, Evangelische Kirchengemeinde Möhrenbach, Pfarrarchiv</subfield>
            <subfield code="c">Möhrenbach (Gehren)</subfield>
            <subfield code="g">D-MÖCH</subfield>
         </datafield>
         <datafield tag="622" ind1=" " ind2=" ">
            <subfield code="e">Kirchspiel Gehren, Evangelische,  Kirchengemeinde Möhrenbach, Pfarrarchiv, c/o Pfarramt Gehren, Untere Marktstraße 7, 98708 Gehren, Germany</subfield>
            <subfield code="u">http://goo.gl/IFqYlg</subfield>
         </datafield>
      </record>