
      <record>
         <leader>00000nz  a2200169   4500</leader>
         <controlfield tag="001">30002923</controlfield>
         <controlfield tag="003">RISM</controlfield>
         <controlfield tag="005">20160216</controlfield>
         <controlfield tag="008">160216n||az|||||||##########||||||||||||</controlfield>
         <datafield tag="040" ind1=" " ind2=" ">
            <subfield code="a">D-MONST</subfield>
         </datafield>
         <datafield tag="043" ind1=" " ind2=" ">
            <subfield code="c">XA-DE</subfield>
         </datafield>
         <datafield tag="110" ind1="2" ind2=" ">
            <subfield code="a">Evangelisch-Lutherische Kirchgemeinde Monstab, Pfarrarchiv</subfield>
            <subfield code="c">Monstab</subfield>
            <subfield code="g">D-MONST</subfield>
         </datafield>
         <datafield tag="622" ind1=" " ind2=" ">
            <subfield code="e">Evangelisch-Lutherische Kirchgemeinde,  Monstab, Pfarrarchiv, c/o Pfarramt Rositz, Bahnhofstraße 6, 04617 Rositz, Germany</subfield>
            <subfield code="u">http://www.evangelische-kirche-rositz.de/</subfield>
         </datafield>
      </record>