
      <record>
         <leader>00000nz  a2200169   4500</leader>
         <controlfield tag="001">30002926</controlfield>
         <controlfield tag="003">RISM</controlfield>
         <controlfield tag="005">20160216</controlfield>
         <controlfield tag="008">160216n||az|||||||##########||||||||||||</controlfield>
         <datafield tag="040" ind1=" " ind2=" ">
            <subfield code="a">D-MÖR</subfield>
         </datafield>
         <datafield tag="043" ind1=" " ind2=" ">
            <subfield code="c">XA-DE</subfield>
         </datafield>
         <datafield tag="110" ind1="2" ind2=" ">
            <subfield code="a">Kirchspiel Stadtroda, Evangelische Kirchengemeinde Mörsdorf, Pfarrarchiv</subfield>
            <subfield code="c">Mörsdorf (Thüringen)</subfield>
            <subfield code="g">D-MÖR</subfield>
         </datafield>
         <datafield tag="622" ind1=" " ind2=" ">
            <subfield code="e">Kirchspiel Stadtroda, Evangelische,  Kirchengemeinde Mörsdorf, Pfarrarchiv, Pfarramt Stadtroda II, Dorfstr. 34, 07646 Mörsdorf, Germany</subfield>
            <subfield code="u">http://goo.gl/iPYTJX</subfield>
         </datafield>
      </record>