
      <record>
         <leader>00000nz  a2200169   4500</leader>
         <controlfield tag="001">30002927</controlfield>
         <controlfield tag="003">RISM</controlfield>
         <controlfield tag="005">20160216</controlfield>
         <controlfield tag="008">160216n||az|||||||##########||||||||||||</controlfield>
         <datafield tag="040" ind1=" " ind2=" ">
            <subfield code="a">D-MÖSCH</subfield>
         </datafield>
         <datafield tag="043" ind1=" " ind2=" ">
            <subfield code="c">XA-DE</subfield>
         </datafield>
         <datafield tag="110" ind1="2" ind2=" ">
            <subfield code="a">Evangelisch-Lutherische Kirchgemeinde Möschlitz, Pfarrarchiv</subfield>
            <subfield code="c">Schleitz-Möschlitz</subfield>
            <subfield code="g">D-MÖSCH</subfield>
         </datafield>
         <datafield tag="622" ind1=" " ind2=" ">
            <subfield code="e">Evangelisch-Lutherische Kirchgemeinde,  Möschlitz, Pfarrarchiv, Pfarramt, Burgker Str. 6, 07907 Schleitz-Möschlitz, Germany</subfield>
            <subfield code="u">http://www.moeschlitz.de/kirche/index.htm</subfield>
         </datafield>
      </record>