
      <record>
         <leader>00000nz  a2200169   4500</leader>
         <controlfield tag="001">30003275</controlfield>
         <controlfield tag="003">RISM</controlfield>
         <controlfield tag="005">20160216</controlfield>
         <controlfield tag="008">160216n||az|||||||##########||||||||||||</controlfield>
         <datafield tag="040" ind1=" " ind2=" ">
            <subfield code="a">D-MOSp</subfield>
         </datafield>
         <datafield tag="043" ind1=" " ind2=" ">
            <subfield code="c">XA-DE</subfield>
         </datafield>
         <datafield tag="110" ind1="2" ind2=" ">
            <subfield code="a">Simultankirche St. Juliana, Pfarrbibliothek</subfield>
            <subfield code="c">Mosbach</subfield>
            <subfield code="g">D-MOSp</subfield>
         </datafield>
         <datafield tag="410" ind1="2" ind2=" ">
            <subfield code="a">Stiftskirche St. Juliana</subfield>
         </datafield>
         <datafield tag="410" ind1="2" ind2=" ">
            <subfield code="a">Kirche St. Juliana</subfield>
         </datafield>
         <datafield tag="622" ind1=" " ind2=" ">
            <subfield code="e">Simultankirche St. Juliana,,  Pfarrbibliothek, Kirchplatz, 74821 Mosbach, Germany</subfield>
            <subfield code="u">http://goo.gl/if4aKU</subfield>
         </datafield>
      </record>