
      <record>
         <leader>00000nz  a2200169   4500</leader>
         <controlfield tag="001">30001231</controlfield>
         <controlfield tag="003">RISM</controlfield>
         <controlfield tag="005">20160216</controlfield>
         <controlfield tag="008">160216n||az|||||||##########||||||||||||</controlfield>
         <datafield tag="040" ind1=" " ind2=" ">
            <subfield code="a">D-MR</subfield>
         </datafield>
         <datafield tag="043" ind1=" " ind2=" ">
            <subfield code="c">XA-DE</subfield>
         </datafield>
         <datafield tag="110" ind1="2" ind2=" ">
            <subfield code="a">Evangelisch-Lutherische Kirchgemeinde St. Marien, Kirchenbibliothek</subfield>
            <subfield code="c">Marienberg</subfield>
            <subfield code="g">D-MR</subfield>
         </datafield>
         <datafield tag="622" ind1=" " ind2=" ">
            <subfield code="e">Evangelisch-Lutherische Kirchgemeinde,  St. Marien, Kirchenbibliothek, Pfarramt, Freiberger Str. 2, 09496 Marienberg, Germany</subfield>
            <subfield code="u">http://web297.verena.webhoster.ag/kirche/</subfield>
         </datafield>
      </record>