
      <record>
         <leader>00000nz  a2200169   4500</leader>
         <controlfield tag="001">30000916</controlfield>
         <controlfield tag="003">RISM</controlfield>
         <controlfield tag="005">20160216</controlfield>
         <controlfield tag="008">160216n||az|||||||##########||||||||||||</controlfield>
         <datafield tag="040" ind1=" " ind2=" ">
            <subfield code="a">D-MS</subfield>
         </datafield>
         <datafield tag="043" ind1=" " ind2=" ">
            <subfield code="c">XA-DE</subfield>
         </datafield>
         <datafield tag="110" ind1="2" ind2=" ">
            <subfield code="a">Abtei Münsterschwarzach, Musikbibliothek</subfield>
            <subfield code="c">Schwarzach am Main</subfield>
            <subfield code="g">D-MS</subfield>
         </datafield>
         <datafield tag="410" ind1="2" ind2=" ">
            <subfield code="a">Benediktinerabtei</subfield>
         </datafield>
         <datafield tag="622" ind1=" " ind2=" ">
            <subfield code="e">Abtei Münsterschwarzach, Musikbibliothek, Schweinfurter Str. 40, 97359 Schwarzach am Main, Germany</subfield>
            <subfield code="u">http://www.abtei-muensterschwarzach.de/</subfield>
         </datafield>
      </record>