
      <record>
         <leader>00000nz  a2200169   4500</leader>
         <controlfield tag="001">30003945</controlfield>
         <controlfield tag="003">RISM</controlfield>
         <controlfield tag="005">20160216</controlfield>
         <controlfield tag="008">160216n||az|||||||##########||||||||||||</controlfield>
         <datafield tag="040" ind1=" " ind2=" ">
            <subfield code="a">D-Msp</subfield>
         </datafield>
         <datafield tag="043" ind1=" " ind2=" ">
            <subfield code="c">XA-DE</subfield>
         </datafield>
         <datafield tag="110" ind1="2" ind2=" ">
            <subfield code="a">Kath. Stadtpfarramt St. Peter, Musikbibliothek</subfield>
            <subfield code="c">München</subfield>
            <subfield code="g">D-Msp</subfield>
         </datafield>
         <datafield tag="622" ind1=" " ind2=" ">
            <subfield code="e">Kath. Stadtpfarramt St. Peter,,  Musikbibliothek, Petersplatz 1, 80331 München, Germany</subfield>
            <subfield code="u">https://www.erzbistum-muenchen.de/Pfarrei/Page016687.aspx</subfield>
         </datafield>
      </record>