
      <record>
         <leader>00000nz  a2200169   4500</leader>
         <controlfield tag="001">30000917</controlfield>
         <controlfield tag="003">RISM</controlfield>
         <controlfield tag="005">20160216</controlfield>
         <controlfield tag="008">160216n||az|||||||##########||||||||||||</controlfield>
         <datafield tag="040" ind1=" " ind2=" ">
            <subfield code="a">D-MT</subfield>
         </datafield>
         <datafield tag="043" ind1=" " ind2=" ">
            <subfield code="c">XA-DE</subfield>
         </datafield>
         <datafield tag="110" ind1="2" ind2=" ">
            <subfield code="a">Benediktinerabtei Metten, Bibliothek</subfield>
            <subfield code="c">Metten</subfield>
            <subfield code="g">D-MT</subfield>
         </datafield>
         <datafield tag="622" ind1=" " ind2=" ">
            <subfield code="e">Benediktinerabtei Metten, Bibliothek, Abteistraße 3, 94526 Metten, Germany</subfield>
            <subfield code="u">http://www.kloster-metten.de</subfield>
         </datafield>
      </record>