
      <record>
         <leader>00000nz  a2200169   4500</leader>
         <controlfield tag="001">30000893</controlfield>
         <controlfield tag="003">RISM</controlfield>
         <controlfield tag="005">20160216</controlfield>
         <controlfield tag="008">160216n||az|||||||##########||||||||||||</controlfield>
         <datafield tag="040" ind1=" " ind2=" ">
            <subfield code="a">D-Mth</subfield>
         </datafield>
         <datafield tag="043" ind1=" " ind2=" ">
            <subfield code="c">XA-DE</subfield>
         </datafield>
         <datafield tag="110" ind1="2" ind2=" ">
            <subfield code="a">Theatermuseum, Bibliothek</subfield>
            <subfield code="c">München</subfield>
            <subfield code="g">D-Mth</subfield>
         </datafield>
         <datafield tag="410" ind1="2" ind2=" ">
            <subfield code="a">Clara-Ziegler-Stiftung</subfield>
         </datafield>
         <datafield tag="622" ind1=" " ind2=" ">
            <subfield code="e">Theatermuseum, Bibliothek, Hofgartenarkaden, Galeriestraße 4a, 80539 München, Germany</subfield>
            <subfield code="u">http://www.deutschestheatermuseum.de/</subfield>
         </datafield>
      </record>