
      <record>
         <leader>00000nz  a2200169   4500</leader>
         <controlfield tag="001">30078576</controlfield>
         <controlfield tag="003">RISM</controlfield>
         <controlfield tag="005">20160216</controlfield>
         <controlfield tag="008">160216n||az|||||||##########||||||||||||</controlfield>
         <datafield tag="040" ind1=" " ind2=" ">
            <subfield code="a">D-MÜaaw</subfield>
         </datafield>
         <datafield tag="043" ind1=" " ind2=" ">
            <subfield code="c">XA-DE</subfield>
         </datafield>
         <datafield tag="110" ind1="2" ind2=" ">
            <subfield code="a">LWL-Archivamt für Westfalen</subfield>
            <subfield code="c">Münster</subfield>
            <subfield code="g">D-MÜaaw</subfield>
         </datafield>
         <datafield tag="410" ind1="2" ind2=" ">
            <subfield code="a">Landschaftsverband Westfalen-Lippe</subfield>
         </datafield>
         <datafield tag="410" ind1="2" ind2=" ">
            <subfield code="a">Westfälisches Archivamt</subfield>
         </datafield>
         <datafield tag="622" ind1=" " ind2=" ">
            <subfield code="e">LWL-Archivamt für Westfalen, Jahnstraße 26, 48147 Münster, Germany</subfield>
            <subfield code="u">http://www.lwl.org/LWL/Kultur/Archivamt/</subfield>
         </datafield>
      </record>