
      <record>
         <leader>00000nz  a2200169   4500</leader>
         <controlfield tag="001">30000918</controlfield>
         <controlfield tag="003">RISM</controlfield>
         <controlfield tag="005">20160216</controlfield>
         <controlfield tag="008">160216n||az|||||||##########||||||||||||</controlfield>
         <datafield tag="040" ind1=" " ind2=" ">
            <subfield code="a">D-MÜd</subfield>
         </datafield>
         <datafield tag="043" ind1=" " ind2=" ">
            <subfield code="c">XA-DE</subfield>
         </datafield>
         <datafield tag="110" ind1="2" ind2=" ">
            <subfield code="a">Bistumsarchiv</subfield>
            <subfield code="c">Münster</subfield>
            <subfield code="g">D-MÜd</subfield>
         </datafield>
         <datafield tag="410" ind1="2" ind2=" ">
            <subfield code="a">Bischöfliches Diözesanarchiv</subfield>
         </datafield>
         <datafield tag="622" ind1=" " ind2=" ">
            <subfield code="e">Bistumsarchiv, Georgskommende 19, 48143 Münster, Germany</subfield>
            <subfield code="u">http://www.bistum-muenster.de/index.php?cat_id=20562</subfield>
         </datafield>
      </record>