
      <record>
         <leader>00000nz  a2200169   4500</leader>
         <controlfield tag="001">30000059</controlfield>
         <controlfield tag="003">RISM</controlfield>
         <controlfield tag="005">20160216</controlfield>
         <controlfield tag="008">160216n||az|||||||##########||||||||||||</controlfield>
         <datafield tag="040" ind1=" " ind2=" ">
            <subfield code="a">D-MÜG</subfield>
         </datafield>
         <datafield tag="043" ind1=" " ind2=" ">
            <subfield code="c">XA-DE</subfield>
         </datafield>
         <datafield tag="110" ind1="2" ind2=" ">
            <subfield code="a">Evangelisch-Lutherisches Kirchspiel Mügeln</subfield>
            <subfield code="c">Mügeln</subfield>
            <subfield code="g">D-MÜG</subfield>
         </datafield>
         <datafield tag="410" ind1="2" ind2=" ">
            <subfield code="a">Evangelisch-Lutherisches Pfarramt St. Johannis, Kantoreiarchiv</subfield>
         </datafield>
         <datafield tag="622" ind1=" " ind2=" ">
            <subfield code="e">Evangelisch-Lutherisches Kirchspiel,  Mügeln, Pfarramt/Gemeindebüro, Johanniskirchhof 5, 04769 Mügeln, Germany</subfield>
         </datafield>
      </record>