
      <record>
         <leader>00000nz  a2200169   4500</leader>
         <controlfield tag="001">30000919</controlfield>
         <controlfield tag="003">RISM</controlfield>
         <controlfield tag="005">20160216</controlfield>
         <controlfield tag="008">160216n||az|||||||##########||||||||||||</controlfield>
         <datafield tag="040" ind1=" " ind2=" ">
            <subfield code="a">D-MÜms</subfield>
         </datafield>
         <datafield tag="043" ind1=" " ind2=" ">
            <subfield code="c">XA-DE</subfield>
         </datafield>
         <datafield tag="110" ind1="2" ind2=" ">
            <subfield code="a">Institut für Musikwissenschaft an der Westfälischen Wilhelms-Universität, Bibliothek</subfield>
            <subfield code="c">Münster</subfield>
            <subfield code="g">D-MÜms</subfield>
         </datafield>
         <datafield tag="410" ind1="2" ind2=" ">
            <subfield code="a">Musikwissenschaftliches Seminar der Westfälischen Wilhelms-Universität, Bibliothek</subfield>
         </datafield>
         <datafield tag="580" ind1=" " ind2=" ">
            <subfield code="x">D-MÜu</subfield>
            <subfield code="0">30000186</subfield>
         </datafield>
         <datafield tag="622" ind1=" " ind2=" ">
            <subfield code="e">Institut für Musikwissenschaft an der,  Westfälischen Wilhelms-Universität,,  Bibliothek, Philippistraße 2b, 48149 Münster, Germany</subfield>
            <subfield code="u">http://www.uni-muenster.de/Musikwissenschaft/bibliothek.html</subfield>
         </datafield>
      </record>