
      <record>
         <leader>00000nz  a2200169   4500</leader>
         <controlfield tag="001">30000241</controlfield>
         <controlfield tag="003">RISM</controlfield>
         <controlfield tag="005">20160216</controlfield>
         <controlfield tag="008">160216n||az|||||||##########||||||||||||</controlfield>
         <datafield tag="040" ind1=" " ind2=" ">
            <subfield code="a">D-MÜp</subfield>
         </datafield>
         <datafield tag="043" ind1=" " ind2=" ">
            <subfield code="c">XA-DE</subfield>
         </datafield>
         <datafield tag="110" ind1="2" ind2=" ">
            <subfield code="a">Diözesanbibliothek</subfield>
            <subfield code="c">Münster</subfield>
            <subfield code="g">D-MÜp</subfield>
         </datafield>
         <datafield tag="410" ind1="2" ind2=" ">
            <subfield code="a">Bibliothek des Priesterseminars (Ludgerianum)</subfield>
         </datafield>
         <datafield tag="410" ind1="2" ind2=" ">
            <subfield code="a">Bischöfliches Priesterseminar und Santini Sammlung, Bibliothek</subfield>
         </datafield>
         <datafield tag="622" ind1=" " ind2=" ">
            <subfield code="e">Diözesanbibliothek, Überwasserkirchplatz 2, 48143 Münster (Westfalen), Germany</subfield>
            <subfield code="u">http://www.dioezesanbibliothek-muenster.de</subfield>
         </datafield>
      </record>