
      <record>
         <leader>00000nz  a2200169   4500</leader>
         <controlfield tag="001">30000920</controlfield>
         <controlfield tag="003">RISM</controlfield>
         <controlfield tag="005">20160216</controlfield>
         <controlfield tag="008">160216n||az|||||||##########||||||||||||</controlfield>
         <datafield tag="040" ind1=" " ind2=" ">
            <subfield code="a">D-MÜrt</subfield>
         </datafield>
         <datafield tag="043" ind1=" " ind2=" ">
            <subfield code="c">XA-DE</subfield>
         </datafield>
         <datafield tag="110" ind1="2" ind2=" ">
            <subfield code="a">Seminar für Reformierte Theologie</subfield>
            <subfield code="c">Münster</subfield>
            <subfield code="g">D-MÜrt</subfield>
         </datafield>
         <datafield tag="622" ind1=" " ind2=" ">
            <subfield code="e">Seminar für Reformierte Theologie, Westfälische Wilhelms-Universität/,  Evangelisch-Theologische Fakultät, Universitätsstraße 13-17, 48143 Münster, Germany</subfield>
            <subfield code="u">http://goo.gl/voNXGk</subfield>
         </datafield>
      </record>