
      <record>
         <leader>00000nz  a2200169   4500</leader>
         <controlfield tag="001">30000186</controlfield>
         <controlfield tag="003">RISM</controlfield>
         <controlfield tag="005">20160216</controlfield>
         <controlfield tag="008">160216n||az|||||||##########||||||||||||</controlfield>
         <datafield tag="040" ind1=" " ind2=" ">
            <subfield code="a">D-MÜu</subfield>
         </datafield>
         <datafield tag="043" ind1=" " ind2=" ">
            <subfield code="c">XA-DE</subfield>
         </datafield>
         <datafield tag="110" ind1="2" ind2=" ">
            <subfield code="a">Universitäts- und Landesbibliothek</subfield>
            <subfield code="c">Münster</subfield>
            <subfield code="g">D-MÜu</subfield>
         </datafield>
         <datafield tag="622" ind1=" " ind2=" ">
            <subfield code="e">Universitäts- und Landesbibliothek, Krummer Timpen 3, 48143 Münster, Germany</subfield>
            <subfield code="u">http://www.ulb.uni-muenster.de/</subfield>
         </datafield>
         <datafield tag="710" ind1="2" ind2=" ">
            <subfield code="a">Musiksammlung Schloss</subfield>
            <subfield code="0">30077347</subfield>
         </datafield>
      </record>