
      <record>
         <leader>00000nz  a2200169   4500</leader>
         <controlfield tag="001">30004117</controlfield>
         <controlfield tag="003">RISM</controlfield>
         <controlfield tag="005">20160216</controlfield>
         <controlfield tag="008">160216n||az|||||||##########||||||||||||</controlfield>
         <datafield tag="040" ind1=" " ind2=" ">
            <subfield code="a">D-MÜwl</subfield>
         </datafield>
         <datafield tag="043" ind1=" " ind2=" ">
            <subfield code="c">XA-DE</subfield>
         </datafield>
         <datafield tag="110" ind1="2" ind2=" ">
            <subfield code="a">LWL-Landesmuseum für Kunst und Kulturgeschichte&#xD;
</subfield>
            <subfield code="c">Münster</subfield>
            <subfield code="g">D-MÜwl</subfield>
         </datafield>
         <datafield tag="410" ind1="2" ind2=" ">
            <subfield code="a">Westfälisches Landesmuseum für Kunst und Kulturgeschichte</subfield>
         </datafield>
         <datafield tag="622" ind1=" " ind2=" ">
            <subfield code="e">LWL-Landesmuseum für Kunst und, Kulturgeschichte&#xD;
, Domplatz 10, 48143 Münster, Germany</subfield>
            <subfield code="u">http://www.lwl.org/LWL/Kultur/LWL-Landesmuseum-Muenster/ausstellungen/</subfield>
         </datafield>
      </record>