
      <record>
         <leader>00000nz  a2200169   4500</leader>
         <controlfield tag="001">30000895</controlfield>
         <controlfield tag="003">RISM</controlfield>
         <controlfield tag="005">20160216</controlfield>
         <controlfield tag="008">160216n||az|||||||##########||||||||||||</controlfield>
         <datafield tag="040" ind1=" " ind2=" ">
            <subfield code="a">D-Mwg</subfield>
         </datafield>
         <datafield tag="043" ind1=" " ind2=" ">
            <subfield code="c">XA-DE</subfield>
         </datafield>
         <datafield tag="110" ind1="2" ind2=" ">
            <subfield code="a">Staatliches Wilhelmsgymnasium, Alte Bibliothek</subfield>
            <subfield code="c">München</subfield>
            <subfield code="g">D-Mwg</subfield>
         </datafield>
         <datafield tag="410" ind1="2" ind2=" ">
            <subfield code="a">Lehrerbibliothek des Wilhelm-Gymnasiums</subfield>
         </datafield>
         <datafield tag="622" ind1=" " ind2=" ">
            <subfield code="e">Staatliches Wilhelmsgymnasium, Alte,  Bibliothek, Thierschstraße 46, 80538 München, Germany</subfield>
            <subfield code="u">http://wilhelmsgymnasium.jimdo.com/profil/alte-bibliothek/</subfield>
         </datafield>
      </record>