
      <record>
         <leader>00000nz  a2200169   4500</leader>
         <controlfield tag="001">30000922</controlfield>
         <controlfield tag="003">RISM</controlfield>
         <controlfield tag="005">20160216</controlfield>
         <controlfield tag="008">160216n||az|||||||##########||||||||||||</controlfield>
         <datafield tag="040" ind1=" " ind2=" ">
            <subfield code="a">D-MWR</subfield>
         </datafield>
         <datafield tag="043" ind1=" " ind2=" ">
            <subfield code="c">XA-DE</subfield>
         </datafield>
         <datafield tag="110" ind1="2" ind2=" ">
            <subfield code="a">Franziskanerkloster Marienweiher, Bibliothek</subfield>
            <subfield code="c">Marienweiher (Marktleugast)</subfield>
            <subfield code="g">D-MWR</subfield>
         </datafield>
         <datafield tag="622" ind1=" " ind2=" ">
            <subfield code="e">Franziskanerkloster Marienweiher,,  Bibliothek, Kath. Pfarramt Mariä Heimsuchung, Marienweiher 3, 95352 Marktleugast, Germany</subfield>
            <subfield code="u">http://www.basilika-marienweiher.de/startseite.html</subfield>
         </datafield>
      </record>