
      <record>
         <leader>00000nz  a2200169   4500</leader>
         <controlfield tag="001">30002788</controlfield>
         <controlfield tag="003">RISM</controlfield>
         <controlfield tag="005">20160216</controlfield>
         <controlfield tag="008">160216n||az|||||||##########||||||||||||</controlfield>
         <datafield tag="040" ind1=" " ind2=" ">
            <subfield code="a">D-MY</subfield>
         </datafield>
         <datafield tag="043" ind1=" " ind2=" ">
            <subfield code="c">XA-DE</subfield>
         </datafield>
         <datafield tag="110" ind1="2" ind2=" ">
            <subfield code="a">Evangelisch-Lutherische Kirchgemeinde, Kirchenbibliothek</subfield>
            <subfield code="c">Mylau</subfield>
            <subfield code="g">D-MY</subfield>
         </datafield>
         <datafield tag="622" ind1=" " ind2=" ">
            <subfield code="e">Evangelisch-Lutherische Kirchgemeinde,,  Kirchenbibliothek, Otto Richter Str. 4, 08499 Mylau, Germany</subfield>
            <subfield code="u">http://ev-luth-gemeinde-mylau.de/index.php/start</subfield>
         </datafield>
      </record>