
      <record>
         <leader>00000nz  a2200169   4500</leader>
         <controlfield tag="001">30004160</controlfield>
         <controlfield tag="003">RISM</controlfield>
         <controlfield tag="005">20160216</controlfield>
         <controlfield tag="008">160216n||az|||||||##########||||||||||||</controlfield>
         <datafield tag="040" ind1=" " ind2=" ">
            <subfield code="a">D-MZas</subfield>
         </datafield>
         <datafield tag="043" ind1=" " ind2=" ">
            <subfield code="c">XA-DE</subfield>
         </datafield>
         <datafield tag="110" ind1="2" ind2=" ">
            <subfield code="a">Öffentliche Bücherei Anna Seghers</subfield>
            <subfield code="c">Mainz</subfield>
            <subfield code="g">D-MZas</subfield>
         </datafield>
         <datafield tag="622" ind1=" " ind2=" ">
            <subfield code="e">Öffentliche Bücherei Anna Seghers, Zentrale Ausleihe, Anna-Seghers-Platz, 55118 Mainz, Germany</subfield>
            <subfield code="u">http://www.mainz.de/microsite/bibliotheken/rubrik4/bereich1.php</subfield>
         </datafield>
      </record>