
      <record>
         <leader>00000nz  a2200169   4500</leader>
         <controlfield tag="001">30001275</controlfield>
         <controlfield tag="003">RISM</controlfield>
         <controlfield tag="005">20160216</controlfield>
         <controlfield tag="008">160216n||az|||||||##########||||||||||||</controlfield>
         <datafield tag="040" ind1=" " ind2=" ">
            <subfield code="a">D-MZgba</subfield>
         </datafield>
         <datafield tag="043" ind1=" " ind2=" ">
            <subfield code="c">XA-DE</subfield>
         </datafield>
         <datafield tag="110" ind1="2" ind2=" ">
            <subfield code="a">Gesangbucharchiv</subfield>
            <subfield code="c">Mainz</subfield>
            <subfield code="g">D-MZgba</subfield>
         </datafield>
         <datafield tag="410" ind1="2" ind2=" ">
            <subfield code="a">Interdisziplinärer Arbeitskreis Gesangbuchforschung an der Johannes Gutenberg-Universität</subfield>
         </datafield>
         <datafield tag="622" ind1=" " ind2=" ">
            <subfield code="e">Gesangbucharchiv, 1. OG rechts, Friedrich-von-Pfeiffer-Weg 9, 55099 Mainz, Germany</subfield>
            <subfield code="u">http://www.blogs.uni-mainz.de/gesangbuchforschung/gesangbucharchiv/</subfield>
         </datafield>
      </record>