
      <record>
         <leader>00000nz  a2200169   4500</leader>
         <controlfield tag="001">30000925</controlfield>
         <controlfield tag="003">RISM</controlfield>
         <controlfield tag="005">20160216</controlfield>
         <controlfield tag="008">160216n||az|||||||##########||||||||||||</controlfield>
         <datafield tag="040" ind1=" " ind2=" ">
            <subfield code="a">D-MZgm</subfield>
         </datafield>
         <datafield tag="043" ind1=" " ind2=" ">
            <subfield code="c">XA-DE</subfield>
         </datafield>
         <datafield tag="110" ind1="2" ind2=" ">
            <subfield code="a">Gutenberg-Bibliothek des Gutenberg-Museums</subfield>
            <subfield code="c">Mainz</subfield>
            <subfield code="g">D-MZgm</subfield>
         </datafield>
         <datafield tag="622" ind1=" " ind2=" ">
            <subfield code="e">Gutenberg-Bibliothek des,  Gutenberg-Museums, Liebfrauenplatz 5, 55116 Mainz, Germany</subfield>
            <subfield code="u">http://www.gutenberg-bibliothek.de/</subfield>
         </datafield>
      </record>