
      <record>
         <leader>00000nz  a2200169   4500</leader>
         <controlfield tag="001">30000926</controlfield>
         <controlfield tag="003">RISM</controlfield>
         <controlfield tag="005">20160216</controlfield>
         <controlfield tag="008">160216n||az|||||||##########||||||||||||</controlfield>
         <datafield tag="040" ind1=" " ind2=" ">
            <subfield code="a">D-MZgottron</subfield>
         </datafield>
         <datafield tag="043" ind1=" " ind2=" ">
            <subfield code="c">XA-DE</subfield>
         </datafield>
         <datafield tag="110" ind1="2" ind2=" ">
            <subfield code="a">Privatbibliothek Prälat Prof. Dr. Adam Gottron</subfield>
            <subfield code="c">Mainz</subfield>
            <subfield code="g">D-MZgottron</subfield>
         </datafield>
         <datafield tag="410" ind1="2" ind2=" ">
            <subfield code="a">Adam Gottron, private collection</subfield>
         </datafield>
         <datafield tag="580" ind1=" " ind2=" ">
            <subfield code="x">D-MZmi</subfield>
            <subfield code="0">30000928</subfield>
         </datafield>
      </record>