
      <record>
         <leader>00000nz  a2200169   4500</leader>
         <controlfield tag="001">30000933</controlfield>
         <controlfield tag="003">RISM</controlfield>
         <controlfield tag="005">20160216</controlfield>
         <controlfield tag="008">160216n||az|||||||##########||||||||||||</controlfield>
         <datafield tag="040" ind1=" " ind2=" ">
            <subfield code="a">D-MZGp</subfield>
         </datafield>
         <datafield tag="043" ind1=" " ind2=" ">
            <subfield code="c">XA-DE</subfield>
         </datafield>
         <datafield tag="110" ind1="2" ind2=" ">
            <subfield code="a">Katholisches Pfarramt St. Bonifatius, Pfarrbibliothek</subfield>
            <subfield code="c">Metzingen</subfield>
            <subfield code="g">D-MZGp</subfield>
         </datafield>
         <datafield tag="622" ind1=" " ind2=" ">
            <subfield code="e">Katholisches Pfarramt St. Bonifatius,,  Pfarrbibliothek, Daimlerstraße 7, 72555 Metzingen, Germany</subfield>
            <subfield code="u">http://alt.drs.de/index.php?id=19659</subfield>
         </datafield>
      </record>