
      <record>
         <leader>00000nz  a2200169   4500</leader>
         <controlfield tag="001">30000928</controlfield>
         <controlfield tag="003">RISM</controlfield>
         <controlfield tag="005">20160216</controlfield>
         <controlfield tag="008">160216n||az|||||||##########||||||||||||</controlfield>
         <datafield tag="040" ind1=" " ind2=" ">
            <subfield code="a">D-MZmi</subfield>
         </datafield>
         <datafield tag="043" ind1=" " ind2=" ">
            <subfield code="c">XA-DE</subfield>
         </datafield>
         <datafield tag="110" ind1="2" ind2=" ">
            <subfield code="a">Institut für Kunstgeschichte und Musikwissenschaft - Abteilung Musikwissenschaft, Bibliothek</subfield>
            <subfield code="c">Mainz</subfield>
            <subfield code="g">D-MZmi</subfield>
         </datafield>
         <datafield tag="622" ind1=" " ind2=" ">
            <subfield code="e">Institut für Kunstgeschichte und,  Musikwissenschaft - Abteilung,  Musikwissenschaft, Bibliothek, Philosophicum (linker Vorbau), Jakob-Welder-Weg 18, 55128 Mainz, Germany</subfield>
            <subfield code="u">http://www.musikwissenschaft.uni-mainz.de</subfield>
         </datafield>
      </record>