
      <record>
         <leader>00000nz  a2200169   4500</leader>
         <controlfield tag="001">30000929</controlfield>
         <controlfield tag="003">RISM</controlfield>
         <controlfield tag="005">20160216</controlfield>
         <controlfield tag="008">160216n||az|||||||##########||||||||||||</controlfield>
         <datafield tag="040" ind1=" " ind2=" ">
            <subfield code="a">D-MZp</subfield>
         </datafield>
         <datafield tag="043" ind1=" " ind2=" ">
            <subfield code="c">XA-DE</subfield>
         </datafield>
         <datafield tag="110" ind1="2" ind2=" ">
            <subfield code="a">Martinus-Bibliothek, Wissenschaftliche Diözesanbibliothek</subfield>
            <subfield code="c">Mainz</subfield>
            <subfield code="g">D-MZp</subfield>
         </datafield>
         <datafield tag="410" ind1="2" ind2=" ">
            <subfield code="a">Bibliothek des Bischöflichen Priesterseminars</subfield>
         </datafield>
         <datafield tag="622" ind1=" " ind2=" ">
            <subfield code="e">Martinus-Bibliothek, Wissenschaftliche,  Diözesanbibliothek, Grebenstr. 8, 55116 Mainz, Germany</subfield>
            <subfield code="u">http://www.bistummainz.de/einrichtungen/martinus-bibliothek/index.html</subfield>
         </datafield>
      </record>