
      <record>
         <leader>00000nz  a2200169   4500</leader>
         <controlfield tag="001">30000930</controlfield>
         <controlfield tag="003">RISM</controlfield>
         <controlfield tag="005">20160216</controlfield>
         <controlfield tag="008">160216n||az|||||||##########||||||||||||</controlfield>
         <datafield tag="040" ind1=" " ind2=" ">
            <subfield code="a">D-MZs</subfield>
         </datafield>
         <datafield tag="043" ind1=" " ind2=" ">
            <subfield code="c">XA-DE</subfield>
         </datafield>
         <datafield tag="110" ind1="2" ind2=" ">
            <subfield code="a">Wissenschaftliche Stadtbibliothek</subfield>
            <subfield code="c">Mainz</subfield>
            <subfield code="g">D-MZs</subfield>
         </datafield>
         <datafield tag="622" ind1=" " ind2=" ">
            <subfield code="e">Wissenschaftliche Stadtbibliothek, Rheinallee 3 B, 55116 Mainz, Germany</subfield>
            <subfield code="u">http://www.mainz.de/microsite/bibliotheken/bereich3.php</subfield>
         </datafield>
      </record>