
      <record>
         <leader>00000nz  a2200169   4500</leader>
         <controlfield tag="001">30000931</controlfield>
         <controlfield tag="003">RISM</controlfield>
         <controlfield tag="005">20160216</controlfield>
         <controlfield tag="008">160216n||az|||||||##########||||||||||||</controlfield>
         <datafield tag="040" ind1=" " ind2=" ">
            <subfield code="a">D-MZsch</subfield>
         </datafield>
         <datafield tag="043" ind1=" " ind2=" ">
            <subfield code="c">XA-DE</subfield>
         </datafield>
         <datafield tag="110" ind1="2" ind2=" ">
            <subfield code="a">Schott Music GmbH &amp; Co. KG, Verlagsarchiv</subfield>
            <subfield code="c">Mainz</subfield>
            <subfield code="g">D-MZsch</subfield>
         </datafield>
         <datafield tag="410" ind1="2" ind2=" ">
            <subfield code="a">Musikverlag B. Schott's Söhne, Verlagsarchiv</subfield>
         </datafield>
         <datafield tag="622" ind1=" " ind2=" ">
            <subfield code="e">Schott Music GmbH &amp; Co. KG,, Verlagsarchiv, Weihergarten 5, 55116 Mainz, Germany</subfield>
            <subfield code="u">http://www.schott-music.com</subfield>
         </datafield>
         <datafield tag="710" ind1="2" ind2=" ">
            <subfield code="a">Staatsbibliothek zu Berlin - Preußischer Kulturbesitz, Musikabteilung</subfield>
            <subfield code="0">30000655</subfield>
         </datafield>
         <datafield tag="710" ind1="2" ind2=" ">
            <subfield code="a">Bayerische Staatsbibliothek</subfield>
            <subfield code="0">30000882</subfield>
         </datafield>
         <datafield tag="710" ind1="2" ind2=" ">
            <subfield code="a">Universitätsbibliothek Johann Christian Senckenberg. Abteilung Musik, Theater, Film</subfield>
            <subfield code="0">30000125</subfield>
         </datafield>
         <datafield tag="710" ind1="2" ind2=" ">
            <subfield code="a">Beethoven-Haus, Forschungszentrum Beethoven-Archiv</subfield>
            <subfield code="0">30000692</subfield>
         </datafield>
         <datafield tag="710" ind1="2" ind2=" ">
            <subfield code="a">Max-Reger-Institut/ Elsa-Reger-Stiftung</subfield>
            <subfield code="0">30006426</subfield>
         </datafield>
         <datafield tag="710" ind1="2" ind2=" ">
            <subfield code="a">Akademie der Künste</subfield>
            <subfield code="0">30003253</subfield>
         </datafield>
         <datafield tag="710" ind1="2" ind2=" ">
            <subfield code="a">Carl Orff-Stiftung</subfield>
            <subfield code="0">30080518</subfield>
         </datafield>
         <datafield tag="710" ind1="2" ind2=" ">
            <subfield code="a">Fondation Hindemith</subfield>
            <subfield code="0">30080519</subfield>
         </datafield>
      </record>