
      <record>
         <leader>00000nz  a2200169   4500</leader>
         <controlfield tag="001">30000932</controlfield>
         <controlfield tag="003">RISM</controlfield>
         <controlfield tag="005">20160216</controlfield>
         <controlfield tag="008">160216n||az|||||||##########||||||||||||</controlfield>
         <datafield tag="040" ind1=" " ind2=" ">
            <subfield code="a">D-MZu</subfield>
         </datafield>
         <datafield tag="043" ind1=" " ind2=" ">
            <subfield code="c">XA-DE</subfield>
         </datafield>
         <datafield tag="110" ind1="2" ind2=" ">
            <subfield code="a">Johannes Gutenberg-Universität, Universitätsbibliothek, Zentralbibliothek</subfield>
            <subfield code="c">Mainz</subfield>
            <subfield code="g">D-MZu</subfield>
         </datafield>
         <datafield tag="410" ind1="2" ind2=" ">
            <subfield code="a">Musikabteilung</subfield>
         </datafield>
         <datafield tag="622" ind1=" " ind2=" ">
            <subfield code="e">Johannes Gutenberg-Universität,,  Universitätsbibliothek,,  Zentralbibliothek, Jakob-Welder-Weg 6, 55128 Mainz, Germany</subfield>
            <subfield code="u">https://www.ub.uni-mainz.de/zentralbibliothek/</subfield>
         </datafield>
      </record>