
      <record>
         <leader>00000nz  a2200169   4500</leader>
         <controlfield tag="001">30061580</controlfield>
         <controlfield tag="003">RISM</controlfield>
         <controlfield tag="005">20160216</controlfield>
         <controlfield tag="008">160216n||az|||||||##########||||||||||||</controlfield>
         <datafield tag="040" ind1=" " ind2=" ">
            <subfield code="a">D-NATk</subfield>
         </datafield>
         <datafield tag="043" ind1=" " ind2=" ">
            <subfield code="c">XA-DE</subfield>
         </datafield>
         <datafield tag="110" ind1="2" ind2=" ">
            <subfield code="a">Benediktinerabtei Niederaltaich - St. Mauritius</subfield>
            <subfield code="c">Niederalteich</subfield>
            <subfield code="g">D-NATk</subfield>
         </datafield>
         <datafield tag="622" ind1=" " ind2=" ">
            <subfield code="e">Benediktinerabtei Niederaltaich - St.,  Mauritius, Mauritiushof 1, 94557 Niederalteich, Germany</subfield>
            <subfield code="u">http://www.abtei-niederaltaich.de</subfield>
         </datafield>
      </record>