
      <record>
         <leader>00000nz  a2200169   4500</leader>
         <controlfield tag="001">30006020</controlfield>
         <controlfield tag="003">RISM</controlfield>
         <controlfield tag="005">20160216</controlfield>
         <controlfield tag="008">160216n||az|||||||##########||||||||||||</controlfield>
         <datafield tag="040" ind1=" " ind2=" ">
            <subfield code="a">D-NAUd</subfield>
         </datafield>
         <datafield tag="043" ind1=" " ind2=" ">
            <subfield code="c">XA-DE</subfield>
         </datafield>
         <datafield tag="110" ind1="2" ind2=" ">
            <subfield code="a">Domstiftsbibliothek und Domstiftsarchiv</subfield>
            <subfield code="c">Naumburg (Saale)</subfield>
            <subfield code="g">D-NAUd</subfield>
         </datafield>
         <datafield tag="410" ind1="2" ind2=" ">
            <subfield code="a">Vereinigte Domstifter zu Merseburg und Naumburg und des Kollegiatstifts Zeitz</subfield>
         </datafield>
         <datafield tag="622" ind1=" " ind2=" ">
            <subfield code="e">Domstiftsbibliothek und Domstiftsarchiv, Domplatz 16-17, 06618 Naumburg (Saale), Germany</subfield>
            <subfield code="u">http://www.vereinigte-domstifter.de/de/uebersicht/</subfield>
         </datafield>
      </record>