
      <record>
         <leader>00000nz  a2200169   4500</leader>
         <controlfield tag="001">30002928</controlfield>
         <controlfield tag="003">RISM</controlfield>
         <controlfield tag="005">20160216</controlfield>
         <controlfield tag="008">160216n||az|||||||##########||||||||||||</controlfield>
         <datafield tag="040" ind1=" " ind2=" ">
            <subfield code="a">D-NAUe</subfield>
         </datafield>
         <datafield tag="043" ind1=" " ind2=" ">
            <subfield code="c">XA-DE</subfield>
         </datafield>
         <datafield tag="110" ind1="2" ind2=" ">
            <subfield code="a">Ephoralbibliothek</subfield>
            <subfield code="c">Naumburg (Saale)</subfield>
            <subfield code="g">D-NAUe</subfield>
         </datafield>
         <datafield tag="622" ind1=" " ind2=" ">
            <subfield code="e">Ephoralbibliothek, c/o Evangelischer Kirchenkreis,  Naumburg-Zeitz - Superintendentur, Othmarsplatz 10, 06618 Naumburg (Saale), Germany</subfield>
            <subfield code="u">http://www.kirchenkreis-naumburg-zeitz.de/</subfield>
         </datafield>
      </record>