
      <record>
         <leader>00000nz  a2200169   4500</leader>
         <controlfield tag="001">30001235</controlfield>
         <controlfield tag="003">RISM</controlfield>
         <controlfield tag="005">20160216</controlfield>
         <controlfield tag="008">160216n||az|||||||##########||||||||||||</controlfield>
         <datafield tag="040" ind1=" " ind2=" ">
            <subfield code="a">D-NAUs</subfield>
         </datafield>
         <datafield tag="043" ind1=" " ind2=" ">
            <subfield code="c">XA-DE</subfield>
         </datafield>
         <datafield tag="110" ind1="2" ind2=" ">
            <subfield code="a">Stadtarchiv</subfield>
            <subfield code="c">Naumburg (Saale)</subfield>
            <subfield code="g">D-NAUs</subfield>
         </datafield>
         <datafield tag="622" ind1=" " ind2=" ">
            <subfield code="e">Stadtarchiv, Kramerplatz 1, 06618 Naumburg (Saale), Germany</subfield>
            <subfield code="u">http://www.naumburg-online.de/?load=tourismus/nol_geb_stadtarchiv.html</subfield>
         </datafield>
      </record>