
      <record>
         <leader>00000nz  a2200169   4500</leader>
         <controlfield tag="001">30000162</controlfield>
         <controlfield tag="003">RISM</controlfield>
         <controlfield tag="005">20160216</controlfield>
         <controlfield tag="008">160216n||az|||||||##########||||||||||||</controlfield>
         <datafield tag="040" ind1=" " ind2=" ">
            <subfield code="a">D-NAUw</subfield>
         </datafield>
         <datafield tag="043" ind1=" " ind2=" ">
            <subfield code="c">XA-DE</subfield>
         </datafield>
         <datafield tag="110" ind1="2" ind2=" ">
            <subfield code="a">Stadtkirche St. Wenzel, Bibliothek</subfield>
            <subfield code="c">Naumburg (Saale)</subfield>
            <subfield code="g">D-NAUw</subfield>
         </datafield>
         <datafield tag="622" ind1=" " ind2=" ">
            <subfield code="e">St. Wenzel, Bibliothek, Marienplatz 2, 06618 Naumburg (Saale), Germany</subfield>
            <subfield code="u">http://www.evangelische-kirche-naumburg.de/kirchen/stadtkirche-st-wenzel/</subfield>
         </datafield>
      </record>