
      <record>
         <leader>00000nz  a2200169   4500</leader>
         <controlfield tag="001">30004293</controlfield>
         <controlfield tag="003">RISM</controlfield>
         <controlfield tag="005">20160216</controlfield>
         <controlfield tag="008">160216n||az|||||||##########||||||||||||</controlfield>
         <datafield tag="040" ind1=" " ind2=" ">
            <subfield code="a">D-NBB</subfield>
         </datafield>
         <datafield tag="043" ind1=" " ind2=" ">
            <subfield code="c">XA-DE</subfield>
         </datafield>
         <datafield tag="110" ind1="2" ind2=" ">
            <subfield code="a">Regionalbibliothek, Musikbibliothek</subfield>
            <subfield code="c">Neubrandenburg</subfield>
            <subfield code="g">D-NBB</subfield>
         </datafield>
         <datafield tag="410" ind1="2" ind2=" ">
            <subfield code="a">Stadt- und Bezirksbibliothek, Musikbibliothek</subfield>
         </datafield>
         <datafield tag="622" ind1=" " ind2=" ">
            <subfield code="e">Regionalbibliothek, Musikbibliothek, Marktplatz 1, 17033 Neubrandenburg, Germany</subfield>
            <subfield code="u">http://www.bibliothek-nb.de/</subfield>
         </datafield>
      </record>