
      <record>
         <leader>00000nz  a2200169   4500</leader>
         <controlfield tag="001">30000939</controlfield>
         <controlfield tag="003">RISM</controlfield>
         <controlfield tag="005">20160216</controlfield>
         <controlfield tag="008">160216n||az|||||||##########||||||||||||</controlfield>
         <datafield tag="040" ind1=" " ind2=" ">
            <subfield code="a">D-NBss</subfield>
         </datafield>
         <datafield tag="043" ind1=" " ind2=" ">
            <subfield code="c">XA-DE</subfield>
         </datafield>
         <datafield tag="110" ind1="2" ind2=" ">
            <subfield code="a">Studienseminar, Bibliothek</subfield>
            <subfield code="c">Neuburg an der Donau</subfield>
            <subfield code="g">D-NBss</subfield>
         </datafield>
         <datafield tag="410" ind1="2" ind2=" ">
            <subfield code="a">Studienseminar</subfield>
         </datafield>
         <datafield tag="622" ind1=" " ind2=" ">
            <subfield code="e">Studienseminar, Bibliothek, Wolfgang-Wilhelm-Platz B 90, 86633 Neuburg an der Donau, Germany</subfield>
            <subfield code="u">http://www.studienseminar-neuburg.de/</subfield>
         </datafield>
      </record>