
      <record>
         <leader>00000nz  a2200169   4500</leader>
         <controlfield tag="001">30001237</controlfield>
         <controlfield tag="003">RISM</controlfield>
         <controlfield tag="005">20160216</controlfield>
         <controlfield tag="008">160216n||az|||||||##########||||||||||||</controlfield>
         <datafield tag="040" ind1=" " ind2=" ">
            <subfield code="a">D-NDD</subfield>
         </datafield>
         <datafield tag="043" ind1=" " ind2=" ">
            <subfield code="c">XA-DE</subfield>
         </datafield>
         <datafield tag="110" ind1="2" ind2=" ">
            <subfield code="a">Evangelische Brüdergemeine, Archiv</subfield>
            <subfield code="c">Neudietendorf (Nesse-Apfelstädt)</subfield>
            <subfield code="g">D-NDD</subfield>
         </datafield>
         <datafield tag="580" ind1=" " ind2=" ">
            <subfield code="x">D-HER</subfield>
            <subfield code="0">30000048</subfield>
         </datafield>
      </record>