
      <record>
         <leader>00000nz  a2200169   4500</leader>
         <controlfield tag="001">30000940</controlfield>
         <controlfield tag="003">RISM</controlfield>
         <controlfield tag="005">20160216</controlfield>
         <controlfield tag="008">160216n||az|||||||##########||||||||||||</controlfield>
         <datafield tag="040" ind1=" " ind2=" ">
            <subfield code="a">D-NEhz</subfield>
         </datafield>
         <datafield tag="043" ind1=" " ind2=" ">
            <subfield code="c">XA-DE</subfield>
         </datafield>
         <datafield tag="110" ind1="2" ind2=" ">
            <subfield code="a">Hohenlohe-Zentralarchiv, Landesarchiv Baden-Württemberg</subfield>
            <subfield code="c">Neuenstein</subfield>
            <subfield code="g">D-NEhz</subfield>
         </datafield>
         <datafield tag="622" ind1=" " ind2=" ">
            <subfield code="e">Hohenlohe-Zentralarchiv, Landesarchiv,  Baden-Württemberg, Schloss, 74632 Neuenstein (Hohenlohe), Germany</subfield>
            <subfield code="u">http://www.landesarchiv-bw.de/hzan</subfield>
         </datafield>
      </record>