
      <record>
         <leader>00000nz  a2200169   4500</leader>
         <controlfield tag="001">30002929</controlfield>
         <controlfield tag="003">RISM</controlfield>
         <controlfield tag="005">20160216</controlfield>
         <controlfield tag="008">160216n||az|||||||##########||||||||||||</controlfield>
         <datafield tag="040" ind1=" " ind2=" ">
            <subfield code="a">D-NEN</subfield>
         </datafield>
         <datafield tag="043" ind1=" " ind2=" ">
            <subfield code="c">XA-DE</subfield>
         </datafield>
         <datafield tag="110" ind1="2" ind2=" ">
            <subfield code="a">Evangelisch-Lutherische Kirchgemeinde, Archiv</subfield>
            <subfield code="c">Nennsdorf (Bucha)</subfield>
            <subfield code="g">D-NEN</subfield>
         </datafield>
         <datafield tag="622" ind1=" " ind2=" ">
            <subfield code="e">Evangelisch-Lutherische Kirchgemeinde,,  Archiv, Dorfstr. 37, 07751 Nennsdorf (Bucha), Germany</subfield>
         </datafield>
      </record>