
      <record>
         <leader>00000nz  a2200169   4500</leader>
         <controlfield tag="001">30002800</controlfield>
         <controlfield tag="003">RISM</controlfield>
         <controlfield tag="005">20160216</controlfield>
         <controlfield tag="008">160216n||az|||||||##########||||||||||||</controlfield>
         <datafield tag="040" ind1=" " ind2=" ">
            <subfield code="a">D-NERp</subfield>
         </datafield>
         <datafield tag="043" ind1=" " ind2=" ">
            <subfield code="c">XA-DE</subfield>
         </datafield>
         <datafield tag="110" ind1="2" ind2=" ">
            <subfield code="a">Evangelische Kirchengemeinde Neuenrade, Pfarrarchiv</subfield>
            <subfield code="c">Neuenrade</subfield>
            <subfield code="g">D-NERp</subfield>
         </datafield>
         <datafield tag="622" ind1=" " ind2=" ">
            <subfield code="e">Evangelische Kirchengemeinde Neuenrade,,  Pfarrarchiv, Gemeindebüro, Eulengasse 3, 58809 Neuenrade, Germany</subfield>
            <subfield code="u">http://www.ev-kirche-neuenrade.de/</subfield>
         </datafield>
      </record>