
      <record>
         <leader>00000nz  a2200169   4500</leader>
         <controlfield tag="001">30006635</controlfield>
         <controlfield tag="003">RISM</controlfield>
         <controlfield tag="005">20160216</controlfield>
         <controlfield tag="008">160216n||az|||||||##########||||||||||||</controlfield>
         <datafield tag="040" ind1=" " ind2=" ">
            <subfield code="a">D-NEUW</subfield>
         </datafield>
         <datafield tag="043" ind1=" " ind2=" ">
            <subfield code="c">XA-DE</subfield>
         </datafield>
         <datafield tag="110" ind1="2" ind2=" ">
            <subfield code="a">Evangelische Brüder-Unität, Herrnhuter Brüdergemeine, Archiv</subfield>
            <subfield code="c">Neuwied</subfield>
            <subfield code="g">D-NEUW</subfield>
         </datafield>
         <datafield tag="622" ind1=" " ind2=" ">
            <subfield code="e">Evangelische Brüder-Unität, Herrnhuter,  Brüdergemeine, Archiv, Pfarramt, Friedrichstraße 43, 56564 Neuwied, Germany</subfield>
            <subfield code="u">http://www.bruedergemeine-neuwied.de/</subfield>
         </datafield>
      </record>