
      <record>
         <leader>00000nz  a2200169   4500</leader>
         <controlfield tag="001">30000934</controlfield>
         <controlfield tag="003">RISM</controlfield>
         <controlfield tag="005">20160216</controlfield>
         <controlfield tag="008">160216n||az|||||||##########||||||||||||</controlfield>
         <datafield tag="040" ind1=" " ind2=" ">
            <subfield code="a">D-Ngm</subfield>
         </datafield>
         <datafield tag="043" ind1=" " ind2=" ">
            <subfield code="c">XA-DE</subfield>
         </datafield>
         <datafield tag="110" ind1="2" ind2=" ">
            <subfield code="a">Germanisches National-Museum, Bibliothek</subfield>
            <subfield code="c">Nürnberg</subfield>
            <subfield code="g">D-Ngm</subfield>
         </datafield>
         <datafield tag="622" ind1=" " ind2=" ">
            <subfield code="e">Germanisches National-Museum, Bibliothek, Kornmarkt 1, 90402 Nürnberg, Germany</subfield>
            <subfield code="u">http://www.gnm.de/museum/abteilungen-anlaufstellen/bibliothek/</subfield>
         </datafield>
      </record>