
      <record>
         <leader>00000nz  a2200169   4500</leader>
         <controlfield tag="001">30002930</controlfield>
         <controlfield tag="003">RISM</controlfield>
         <controlfield tag="005">20160216</controlfield>
         <controlfield tag="008">160216n||az|||||||##########||||||||||||</controlfield>
         <datafield tag="040" ind1=" " ind2=" ">
            <subfield code="a">D-NGR</subfield>
         </datafield>
         <datafield tag="043" ind1=" " ind2=" ">
            <subfield code="c">XA-DE</subfield>
         </datafield>
         <datafield tag="110" ind1="2" ind2=" ">
            <subfield code="a">Evangelischer Kirchengemeindeverband Buchfart-Legefeld, Kirchengemeinde Niedergrunstedt, Pfarrarchiv</subfield>
            <subfield code="c">Weimar-Niedergrunstedt</subfield>
            <subfield code="g">D-NGR</subfield>
         </datafield>
         <datafield tag="622" ind1=" " ind2=" ">
            <subfield code="e">Evangelischer Kirchengemeindeverband,  Buchfart-Legefeld, Kirchengemeinde,  Niedergrunstedt, Pfarrarchiv, c/o Pfarramt Buchfart, Brauhausgasse 14, 99438 Buchfart, Germany</subfield>
            <subfield code="u">http://goo.gl/xymTMa</subfield>
         </datafield>
      </record>