
      <record>
         <leader>00000nz  a2200169   4500</leader>
         <controlfield tag="001">30003805</controlfield>
         <controlfield tag="003">RISM</controlfield>
         <controlfield tag="005">20160216</controlfield>
         <controlfield tag="008">160216n||az|||||||##########||||||||||||</controlfield>
         <datafield tag="040" ind1=" " ind2=" ">
            <subfield code="a">D-NHFp</subfield>
         </datafield>
         <datafield tag="043" ind1=" " ind2=" ">
            <subfield code="c">XA-DE</subfield>
         </datafield>
         <datafield tag="110" ind1="2" ind2=" ">
            <subfield code="a">Kirchspiel Neustadt an der Orla, Evangelische Kirchengemeinde Neunhofen, Pfarrarchiv</subfield>
            <subfield code="c">Neustadt an der Orla-Neunhofen</subfield>
            <subfield code="g">D-NHFp</subfield>
         </datafield>
         <datafield tag="622" ind1=" " ind2=" ">
            <subfield code="e">Kirchspiel Neustadt an der Orla,,  Evangelische Kirchengemeinde Neunhofen,,  Pfarrarchiv, c/o Evangelisches Pfarramt Neustadt an,  der Orla, Kirchplatz 2, 07806 Neustadt an der Orla, Germany</subfield>
            <subfield code="u">http://www.kirchgemeinde-neustadt-orla.de/index.php</subfield>
         </datafield>
      </record>