
      <record>
         <leader>00000nz  a2200169   4500</leader>
         <controlfield tag="001">30076888</controlfield>
         <controlfield tag="003">RISM</controlfield>
         <controlfield tag="005">20160216</controlfield>
         <controlfield tag="008">160216n||az|||||||##########||||||||||||</controlfield>
         <datafield tag="040" ind1=" " ind2=" ">
            <subfield code="a">D-Nhm</subfield>
         </datafield>
         <datafield tag="043" ind1=" " ind2=" ">
            <subfield code="c">XA-DE</subfield>
         </datafield>
         <datafield tag="110" ind1="2" ind2=" ">
            <subfield code="a">Hochschule für Musik, Bibliothek</subfield>
            <subfield code="c">Nürnberg</subfield>
            <subfield code="g">D-Nhm</subfield>
         </datafield>
         <datafield tag="622" ind1=" " ind2=" ">
            <subfield code="e">Hochschule für Musik, Bibliothek, (Haus 3), Veilhofstraße 34, 90489 Nürnberg, Germany</subfield>
            <subfield code="u">http://www.hfm-nuernberg.de/</subfield>
         </datafield>
      </record>