
      <record>
         <leader>00000nz  a2200169   4500</leader>
         <controlfield tag="001">30000944</controlfield>
         <controlfield tag="003">RISM</controlfield>
         <controlfield tag="005">20160216</controlfield>
         <controlfield tag="008">160216n||az|||||||##########||||||||||||</controlfield>
         <datafield tag="040" ind1=" " ind2=" ">
            <subfield code="a">D-NIw</subfield>
         </datafield>
         <datafield tag="043" ind1=" " ind2=" ">
            <subfield code="c">XA-DE</subfield>
         </datafield>
         <datafield tag="110" ind1="2" ind2=" ">
            <subfield code="a">Weberhaus</subfield>
            <subfield code="c">Nieheim</subfield>
            <subfield code="g">D-NIw</subfield>
         </datafield>
         <datafield tag="410" ind1="2" ind2=" ">
            <subfield code="a">Kolping-Bildungsstätte Weberhaus Nieheim</subfield>
         </datafield>
      </record>