
      <record>
         <leader>00000nz  a2200169   4500</leader>
         <controlfield tag="001">30000935</controlfield>
         <controlfield tag="003">RISM</controlfield>
         <controlfield tag="005">20160216</controlfield>
         <controlfield tag="008">160216n||az|||||||##########||||||||||||</controlfield>
         <datafield tag="040" ind1=" " ind2=" ">
            <subfield code="a">D-Nla</subfield>
         </datafield>
         <datafield tag="043" ind1=" " ind2=" ">
            <subfield code="c">XA-DE</subfield>
         </datafield>
         <datafield tag="110" ind1="2" ind2=" ">
            <subfield code="a">Bibliothek beim Landeskirchlichen Archiv</subfield>
            <subfield code="c">Nürnberg</subfield>
            <subfield code="g">D-Nla</subfield>
         </datafield>
         <datafield tag="410" ind1="2" ind2=" ">
            <subfield code="a">Landeskirchliches Archiv der Evangelisch-Lutherischen Kirche in Bayern</subfield>
         </datafield>
         <datafield tag="622" ind1=" " ind2=" ">
            <subfield code="e">Bibliothek beim Landeskirchlichen Archiv, Veilhofstr. 28, 90489 Nürnberg, Germany</subfield>
            <subfield code="u">http://www.archiv-elkb.de/</subfield>
         </datafield>
      </record>