
      <record>
         <leader>00000nz  a2200169   4500</leader>
         <controlfield tag="001">30000946</controlfield>
         <controlfield tag="003">RISM</controlfield>
         <controlfield tag="005">20160216</controlfield>
         <controlfield tag="008">160216n||az|||||||##########||||||||||||</controlfield>
         <datafield tag="040" ind1=" " ind2=" ">
            <subfield code="a">D-NLk</subfield>
         </datafield>
         <datafield tag="043" ind1=" " ind2=" ">
            <subfield code="c">XA-DE</subfield>
         </datafield>
         <datafield tag="110" ind1="2" ind2=" ">
            <subfield code="a">Evangelisch-Lutherisches Pfarramt St. Georg, Musikarchiv</subfield>
            <subfield code="c">Nördlingen</subfield>
            <subfield code="g">D-NLk</subfield>
         </datafield>
         <datafield tag="410" ind1="2" ind2=" ">
            <subfield code="a">Kirchenbibliothek St. Georg</subfield>
         </datafield>
         <datafield tag="622" ind1=" " ind2=" ">
            <subfield code="e">Evangelisch-Lutherisches Pfarramt St.,  Georg, Musikarchiv, Pfarrgasse 5, 86720 Nördlingen, Germany</subfield>
            <subfield code="u">http://goo.gl/F0FV2K</subfield>
         </datafield>
      </record>