
      <record>
         <leader>00000nz  a2200169   4500</leader>
         <controlfield tag="001">30002799</controlfield>
         <controlfield tag="003">RISM</controlfield>
         <controlfield tag="005">20160216</controlfield>
         <controlfield tag="008">160216n||az|||||||##########||||||||||||</controlfield>
         <datafield tag="040" ind1=" " ind2=" ">
            <subfield code="a">D-Nm</subfield>
         </datafield>
         <datafield tag="043" ind1=" " ind2=" ">
            <subfield code="c">XA-DE</subfield>
         </datafield>
         <datafield tag="110" ind1="2" ind2=" ">
            <subfield code="a">Melanchthon-Gymnasium, Bibliothek</subfield>
            <subfield code="c">Nürnberg</subfield>
            <subfield code="g">D-Nm</subfield>
         </datafield>
         <datafield tag="410" ind1="2" ind2=" ">
            <subfield code="a">Zentralbibliothek des Melanchthon-Gymnasiums</subfield>
         </datafield>
         <datafield tag="410" ind1="2" ind2=" ">
            <subfield code="a">Alte Gymnasialbibliothek des Melanchthon-Gymnasiums</subfield>
         </datafield>
         <datafield tag="622" ind1=" " ind2=" ">
            <subfield code="e">Melanchthon-Gymnasium, Bibliothek, Sulzbacher Straße 32, 90489 Nürnberg, Germany</subfield>
            <subfield code="u">http://www.melanchthon-gymnasium.de/</subfield>
         </datafield>
      </record>