
      <record>
         <leader>00000nz  a2200169   4500</leader>
         <controlfield tag="001">30004118</controlfield>
         <controlfield tag="003">RISM</controlfield>
         <controlfield tag="005">20160216</controlfield>
         <controlfield tag="008">160216n||az|||||||##########||||||||||||</controlfield>
         <datafield tag="040" ind1=" " ind2=" ">
            <subfield code="a">D-NNFw</subfield>
         </datafield>
         <datafield tag="043" ind1=" " ind2=" ">
            <subfield code="c">XA-DE</subfield>
         </datafield>
         <datafield tag="110" ind1="2" ind2=" ">
            <subfield code="a">Freiherrlich von Welsersche Familienstiftung, Schloss Neunhof</subfield>
            <subfield code="c">Nürnberg</subfield>
            <subfield code="g">D-NNFw</subfield>
         </datafield>
         <datafield tag="622" ind1=" " ind2=" ">
            <subfield code="e">Freiherrlich von Welsersche,  Familienstiftung, Schloss Neunhof, Neunhofer Schlossplatz 1-3, 90427 Nürnberg, Germany</subfield>
         </datafield>
      </record>