
      <record>
         <leader>00000nz  a2200169   4500</leader>
         <controlfield tag="001">30003806</controlfield>
         <controlfield tag="003">RISM</controlfield>
         <controlfield tag="005">20160216</controlfield>
         <controlfield tag="008">160216n||az|||||||##########||||||||||||</controlfield>
         <datafield tag="040" ind1=" " ind2=" ">
            <subfield code="a">D-NOHp</subfield>
         </datafield>
         <datafield tag="043" ind1=" " ind2=" ">
            <subfield code="c">XA-DE</subfield>
         </datafield>
         <datafield tag="110" ind1="2" ind2=" ">
            <subfield code="a">Pfarrarchiv</subfield>
            <subfield code="c">Nohra (bei Weimar)</subfield>
            <subfield code="g">D-NOHp</subfield>
         </datafield>
         <datafield tag="622" ind1=" " ind2=" ">
            <subfield code="e">Pfarrarchiv, c/o Kirchengemeindeverband Niederzimmern, Auf dem Sand 23, 99428 Niederzimmern, Germany</subfield>
            <subfield code="u">http://goo.gl/J8hvIB</subfield>
         </datafield>
      </record>