
      <record>
         <leader>00000nz  a2200169   4500</leader>
         <controlfield tag="001">30001241</controlfield>
         <controlfield tag="003">RISM</controlfield>
         <controlfield tag="005">20160216</controlfield>
         <controlfield tag="008">160216n||az|||||||##########||||||||||||</controlfield>
         <datafield tag="040" ind1=" " ind2=" ">
            <subfield code="a">D-NOk</subfield>
         </datafield>
         <datafield tag="043" ind1=" " ind2=" ">
            <subfield code="c">XA-DE</subfield>
         </datafield>
         <datafield tag="110" ind1="2" ind2=" ">
            <subfield code="a">St. Blasii, Kirchenarchiv</subfield>
            <subfield code="c">Nordhausen</subfield>
            <subfield code="g">D-NOk</subfield>
         </datafield>
         <datafield tag="410" ind1="2" ind2=" ">
            <subfield code="a">St. Blasii, Kirchenbibliothek</subfield>
         </datafield>
         <datafield tag="622" ind1=" " ind2=" ">
            <subfield code="e">St. Blasii, Kirchenarchiv, Barfüßerstr. 2, 99734 Nordhausen, Germany</subfield>
            <subfield code="u">http://www.blasiikirche-nordhausen.de/</subfield>
         </datafield>
      </record>