
      <record>
         <leader>00000nz  a2200169   4500</leader>
         <controlfield tag="001">30001242</controlfield>
         <controlfield tag="003">RISM</controlfield>
         <controlfield tag="005">20160216</controlfield>
         <controlfield tag="008">160216n||az|||||||##########||||||||||||</controlfield>
         <datafield tag="040" ind1=" " ind2=" ">
            <subfield code="a">D-NROL</subfield>
         </datafield>
         <datafield tag="043" ind1=" " ind2=" ">
            <subfield code="c">XA-DE</subfield>
         </datafield>
         <datafield tag="110" ind1="2" ind2=" ">
            <subfield code="a">Evangelisch-Lutherische Johannisgemeinde, Pfarrarchiv</subfield>
            <subfield code="c">Niederroßla</subfield>
            <subfield code="g">D-NROL</subfield>
         </datafield>
         <datafield tag="622" ind1=" " ind2=" ">
            <subfield code="e">Evangelisch-Lutherische,  Johannisgemeinde, Pfarrarchiv, c/o Pfarramt, Apoldaer Straße 4, 99510 Niederroßla, Germany</subfield>
            <subfield code="u">http://www.johannisgemeinde.de/</subfield>
         </datafield>
      </record>