
      <record>
         <leader>00000nz  a2200169   4500</leader>
         <controlfield tag="001">30000949</controlfield>
         <controlfield tag="003">RISM</controlfield>
         <controlfield tag="005">20160216</controlfield>
         <controlfield tag="008">160216n||az|||||||##########||||||||||||</controlfield>
         <datafield tag="040" ind1=" " ind2=" ">
            <subfield code="a">D-NS</subfield>
         </datafield>
         <datafield tag="043" ind1=" " ind2=" ">
            <subfield code="c">XA-DE</subfield>
         </datafield>
         <datafield tag="110" ind1="2" ind2=" ">
            <subfield code="a">Evangelisch-Lutherisches Pfarramt, Kirchenbibliothek</subfield>
            <subfield code="c">Neustadt an der Aisch</subfield>
            <subfield code="g">D-NS</subfield>
         </datafield>
         <datafield tag="410" ind1="2" ind2=" ">
            <subfield code="a">Kirchenbibliothek im Evangelisch-Lutherischen Dekanat</subfield>
         </datafield>
         <datafield tag="622" ind1=" " ind2=" ">
            <subfield code="e">Evangelisch-Lutherisches Pfarramt,,  Kirchenbibliothek, Schlossplatz 1, 91413 Neustadt an der Aisch, Germany</subfield>
            <subfield code="u">http://www.neustadt-aisch-evangelisch.de/</subfield>
         </datafield>
      </record>