
      <record>
         <leader>00000nz  a2200169   4500</leader>
         <controlfield tag="001">30000936</controlfield>
         <controlfield tag="003">RISM</controlfield>
         <controlfield tag="005">20160216</controlfield>
         <controlfield tag="008">160216n||az|||||||##########||||||||||||</controlfield>
         <datafield tag="040" ind1=" " ind2=" ">
            <subfield code="a">D-Nst</subfield>
         </datafield>
         <datafield tag="043" ind1=" " ind2=" ">
            <subfield code="c">XA-DE</subfield>
         </datafield>
         <datafield tag="110" ind1="2" ind2=" ">
            <subfield code="a">Stadtbibliothek</subfield>
            <subfield code="c">Nürnberg</subfield>
            <subfield code="g">D-Nst</subfield>
         </datafield>
         <datafield tag="410" ind1="2" ind2=" ">
            <subfield code="a">Abteilung Musikbibliothek</subfield>
         </datafield>
         <datafield tag="410" ind1="2" ind2=" ">
            <subfield code="a">Abteilung Historisch-Wissenschaftliche Stadtbibliothek</subfield>
         </datafield>
         <datafield tag="622" ind1=" " ind2=" ">
            <subfield code="e">Stadtbibliothek, Abteilung,  Historisch-Wissenschaftliche,  Stadtbibliothek, Gewerbemuseumsplatz 4, 90403 Nürnberg, Germany</subfield>
            <subfield code="u">http://www.stadtbibliothek.nuernberg.de/index.html</subfield>
         </datafield>
      </record>