
      <record>
         <leader>00000nz  a2200169   4500</leader>
         <controlfield tag="001">30076931</controlfield>
         <controlfield tag="003">RISM</controlfield>
         <controlfield tag="005">20160216</controlfield>
         <controlfield tag="008">160216n||az|||||||##########||||||||||||</controlfield>
         <datafield tag="040" ind1=" " ind2=" ">
            <subfield code="a">D-Nsta</subfield>
         </datafield>
         <datafield tag="043" ind1=" " ind2=" ">
            <subfield code="c">XA-DE</subfield>
         </datafield>
         <datafield tag="110" ind1="2" ind2=" ">
            <subfield code="a">Stadtarchiv</subfield>
            <subfield code="c">Nürnberg</subfield>
            <subfield code="g">D-Nsta</subfield>
         </datafield>
         <datafield tag="622" ind1=" " ind2=" ">
            <subfield code="e">Stadtarchiv, Marientorgraben 8, 90402 Nürnberg, Germany</subfield>
            <subfield code="u">https://www.nuernberg.de/internet/stadtarchiv/</subfield>
         </datafield>
      </record>