
      <record>
         <leader>00000nz  a2200169   4500</leader>
         <controlfield tag="001">30002932</controlfield>
         <controlfield tag="003">RISM</controlfield>
         <controlfield tag="005">20160216</controlfield>
         <controlfield tag="008">160216n||az|||||||##########||||||||||||</controlfield>
         <datafield tag="040" ind1=" " ind2=" ">
            <subfield code="a">D-NSY</subfield>
         </datafield>
         <datafield tag="043" ind1=" " ind2=" ">
            <subfield code="c">XA-DE</subfield>
         </datafield>
         <datafield tag="110" ind1="2" ind2=" ">
            <subfield code="a">Evangelische Kirchengemeinde Niedersynderstedt, Pfarrarchiv</subfield>
            <subfield code="c">Blankenhain-Niedersynderstedt</subfield>
            <subfield code="g">D-NSY</subfield>
         </datafield>
         <datafield tag="622" ind1=" " ind2=" ">
            <subfield code="e">Evangelische Kirchengemeinde,  Niedersynderstedt, Pfarrarchiv, Pfarramt, An den Linden 32, 99444 Blankenhain-Niedersynderstedt, Germany</subfield>
            <subfield code="u">http://goo.gl/yEXO95</subfield>
         </datafield>
      </record>