
      <record>
         <leader>00000nz  a2200169   4500</leader>
         <controlfield tag="001">30000952</controlfield>
         <controlfield tag="003">RISM</controlfield>
         <controlfield tag="005">20160216</controlfield>
         <controlfield tag="008">160216n||az|||||||##########||||||||||||</controlfield>
         <datafield tag="040" ind1=" " ind2=" ">
            <subfield code="a">D-NT</subfield>
         </datafield>
         <datafield tag="043" ind1=" " ind2=" ">
            <subfield code="c">XA-DE</subfield>
         </datafield>
         <datafield tag="110" ind1="2" ind2=" ">
            <subfield code="a">Pfarrkirche, Archiv</subfield>
            <subfield code="c">Neumarkt-Sankt Veit</subfield>
            <subfield code="g">D-NT</subfield>
         </datafield>
         <datafield tag="622" ind1=" " ind2=" ">
            <subfield code="e">Pfarrkirche, Archiv, St. Veit 1a, 84494 Neumarkt-St. Veit, Germany</subfield>
            <subfield code="u">http://www.pfarrverband-neumarkt.de/index.php?id=198</subfield>
         </datafield>
      </record>