
      <record>
         <leader>00000nz  a2200169   4500</leader>
         <controlfield tag="001">30078790</controlfield>
         <controlfield tag="003">RISM</controlfield>
         <controlfield tag="005">20160216</controlfield>
         <controlfield tag="008">160216n||az|||||||##########||||||||||||</controlfield>
         <datafield tag="040" ind1=" " ind2=" ">
            <subfield code="a">D-NUEtb</subfield>
         </datafield>
         <datafield tag="043" ind1=" " ind2=" ">
            <subfield code="c">XA-DE</subfield>
         </datafield>
         <datafield tag="110" ind1="2" ind2=" ">
            <subfield code="a">Turmbibliothek in der Evangelischen Stadtkirche St. Laurentius</subfield>
            <subfield code="c">Nürtingen</subfield>
            <subfield code="g">D-NUEtb</subfield>
         </datafield>
         <datafield tag="622" ind1=" " ind2=" ">
            <subfield code="e">Turmbibliothek in der Evangelischen,  Stadtkirche St. Laurentius, Kirchstraße 6, 72622 Nürtingen, Germany</subfield>
            <subfield code="u">http://goo.gl/Z7xVJG</subfield>
         </datafield>
      </record>