
      <record>
         <leader>00000nz  a2200169   4500</leader>
         <controlfield tag="001">30000953</controlfield>
         <controlfield tag="003">RISM</controlfield>
         <controlfield tag="005">20160216</controlfield>
         <controlfield tag="008">160216n||az|||||||##########||||||||||||</controlfield>
         <datafield tag="040" ind1=" " ind2=" ">
            <subfield code="a">D-NW</subfield>
         </datafield>
         <datafield tag="043" ind1=" " ind2=" ">
            <subfield code="c">XA-DE</subfield>
         </datafield>
         <datafield tag="110" ind1="2" ind2=" ">
            <subfield code="a">Stadtmuseum Villa Böhm</subfield>
            <subfield code="c">Neustadt an der Weinstraße</subfield>
            <subfield code="g">D-NW</subfield>
         </datafield>
         <datafield tag="410" ind1="2" ind2=" ">
            <subfield code="a">Heimatmuseum</subfield>
         </datafield>
         <datafield tag="622" ind1=" " ind2=" ">
            <subfield code="e">Stadtmuseum Villa Böhm, Villenstraße 16b, 67433 Neustadt an der Weinstraße, Germany</subfield>
            <subfield code="u">http://www.stadtmuseum-neustadt.de/</subfield>
         </datafield>
      </record>