
      <record>
         <leader>00000nz  a2200169   4500</leader>
         <controlfield tag="001">30006362</controlfield>
         <controlfield tag="003">RISM</controlfield>
         <controlfield tag="005">20160216</controlfield>
         <controlfield tag="008">160216n||az|||||||##########||||||||||||</controlfield>
         <datafield tag="040" ind1=" " ind2=" ">
            <subfield code="a">D-NWsm</subfield>
         </datafield>
         <datafield tag="043" ind1=" " ind2=" ">
            <subfield code="c">XA-DE</subfield>
         </datafield>
         <datafield tag="110" ind1="2" ind2=" ">
            <subfield code="a">Katholische Pfarrgemeinde St. Marien</subfield>
            <subfield code="c">Neustadt an der Weinstraße</subfield>
            <subfield code="g">D-NWsm</subfield>
         </datafield>
         <datafield tag="622" ind1=" " ind2=" ">
            <subfield code="e">Katholische Pfarrgemeinde St. Marien, Pfarramt, Schwesternstr. 11, 67433 Neustadt an der Weinstraße, Germany</subfield>
            <subfield code="u">http://www.st-marien-neustadt.de/</subfield>
         </datafield>
      </record>