
      <record>
         <leader>00000nz  a2200169   4500</leader>
         <controlfield tag="001">30003995</controlfield>
         <controlfield tag="003">RISM</controlfield>
         <controlfield tag="005">20160216</controlfield>
         <controlfield tag="008">160216n||az|||||||##########||||||||||||</controlfield>
         <datafield tag="040" ind1=" " ind2=" ">
            <subfield code="a">D-NZfg</subfield>
         </datafield>
         <datafield tag="043" ind1=" " ind2=" ">
            <subfield code="c">XA-DE</subfield>
         </datafield>
         <datafield tag="110" ind1="2" ind2=" ">
            <subfield code="a">Bibliothek des Freiherrn von Gemmingen-Hornberg auf Burg Hornberg</subfield>
            <subfield code="c">Neckarzimmern</subfield>
            <subfield code="g">D-NZfg</subfield>
         </datafield>
         <datafield tag="622" ind1=" " ind2=" ">
            <subfield code="e">Bibliothek des Freiherrn von,  Gemmingen-Hornberg auf Burg Hornberg, Rentamt, Burg Hornberg 3, 74865 Neckarzimmern, Germany</subfield>
            <subfield code="u">http://www.burg-hornberg.de</subfield>
         </datafield>
      </record>