
      <record>
         <leader>00000nz  a2200169   4500</leader>
         <controlfield tag="001">30004164</controlfield>
         <controlfield tag="003">RISM</controlfield>
         <controlfield tag="005">20160216</controlfield>
         <controlfield tag="008">160216n||az|||||||##########||||||||||||</controlfield>
         <datafield tag="040" ind1=" " ind2=" ">
            <subfield code="a">D-OBHm</subfield>
         </datafield>
         <datafield tag="043" ind1=" " ind2=" ">
            <subfield code="c">XA-DE</subfield>
         </datafield>
         <datafield tag="110" ind1="2" ind2=" ">
            <subfield code="a">Stadtbibliothek Oberhausen, Zentralbibliothek</subfield>
            <subfield code="c">Oberhausen</subfield>
            <subfield code="g">D-OBHm</subfield>
         </datafield>
         <datafield tag="410" ind1="2" ind2=" ">
            <subfield code="a">Stadtbücherei, Musikbibliothek</subfield>
         </datafield>
         <datafield tag="622" ind1=" " ind2=" ">
            <subfield code="e">Stadtbibliothek Oberhausen,,  Zentralbibliothek, Bert-Brecht-Haus, Langemarkstr. 19-21, 46045 Oberhausen, Germany</subfield>
            <subfield code="u">http://goo.gl/gPCRRP</subfield>
         </datafield>
      </record>