
      <record>
         <leader>00000nz  a2200169   4500</leader>
         <controlfield tag="001">30002805</controlfield>
         <controlfield tag="003">RISM</controlfield>
         <controlfield tag="005">20160216</controlfield>
         <controlfield tag="008">160216n||az|||||||##########||||||||||||</controlfield>
         <datafield tag="040" ind1=" " ind2=" ">
            <subfield code="a">D-OBk</subfield>
         </datafield>
         <datafield tag="043" ind1=" " ind2=" ">
            <subfield code="c">XA-DE</subfield>
         </datafield>
         <datafield tag="110" ind1="2" ind2=" ">
            <subfield code="a">Katholisches Pfarramt, Historisches Musikarchiv</subfield>
            <subfield code="c">Ottobeuren</subfield>
            <subfield code="g">D-OBk</subfield>
         </datafield>
         <datafield tag="410" ind1="2" ind2=" ">
            <subfield code="a">Bibliothek der Stiftskirche St. Alexander und St. Theodor</subfield>
         </datafield>
         <datafield tag="622" ind1=" " ind2=" ">
            <subfield code="e">Katholisches Pfarramt, Historisches,  Musikarchiv, Seb.-Kneipp-Str. 1, 87724 Ottobeuren, Germany</subfield>
            <subfield code="u">http://www.pfarrei-ottobeuren.de/Pfarrei/Musikarchiv.html</subfield>
         </datafield>
      </record>