
      <record>
         <leader>00000nz  a2200169   4500</leader>
         <controlfield tag="001">30003689</controlfield>
         <controlfield tag="003">RISM</controlfield>
         <controlfield tag="005">20160216</controlfield>
         <controlfield tag="008">160216n||az|||||||##########||||||||||||</controlfield>
         <datafield tag="040" ind1=" " ind2=" ">
            <subfield code="a">D-OBS</subfield>
         </datafield>
         <datafield tag="043" ind1=" " ind2=" ">
            <subfield code="c">XA-DE</subfield>
         </datafield>
         <datafield tag="110" ind1="2" ind2=" ">
            <subfield code="a">Zisterzienserinnenabtei</subfield>
            <subfield code="c">Oberschönenfeld (Gessertshausen)</subfield>
            <subfield code="g">D-OBS</subfield>
         </datafield>
         <datafield tag="622" ind1=" " ind2=" ">
            <subfield code="e">Zisterzienserinnenabtei, Oberschönenfeld 1, 86459 Oberschönenfeld (Gessertshausen), Germany</subfield>
            <subfield code="u">http://www.abtei-oberschoenenfeld.de/</subfield>
         </datafield>
      </record>