
      <record>
         <leader>00000nz  a2200169   4500</leader>
         <controlfield tag="001">30002933</controlfield>
         <controlfield tag="003">RISM</controlfield>
         <controlfield tag="005">20160216</controlfield>
         <controlfield tag="008">160216n||az|||||||##########||||||||||||</controlfield>
         <datafield tag="040" ind1=" " ind2=" ">
            <subfield code="a">D-OEL</subfield>
         </datafield>
         <datafield tag="043" ind1=" " ind2=" ">
            <subfield code="c">XA-DE</subfield>
         </datafield>
         <datafield tag="110" ind1="2" ind2=" ">
            <subfield code="a">Evangelisch-Lutherische Kirchengemeinde Oberellen, Pfarrarchiv</subfield>
            <subfield code="c">Oberellen (Gerstungen)</subfield>
            <subfield code="g">D-OEL</subfield>
         </datafield>
         <datafield tag="622" ind1=" " ind2=" ">
            <subfield code="e">Evangelisch-Lutherische Kirchengemeinde,  Oberellen, Pfarrarchiv, Friedensteinstraße 46, 99834 Oberellen (Gerstungen), Germany</subfield>
            <subfield code="u">http://goo.gl/tP1V3u</subfield>
         </datafield>
      </record>