
      <record>
         <leader>00000nz  a2200169   4500</leader>
         <controlfield tag="001">30000954</controlfield>
         <controlfield tag="003">RISM</controlfield>
         <controlfield tag="005">20160216</controlfield>
         <controlfield tag="008">160216n||az|||||||##########||||||||||||</controlfield>
         <datafield tag="040" ind1=" " ind2=" ">
            <subfield code="a">D-OF</subfield>
         </datafield>
         <datafield tag="043" ind1=" " ind2=" ">
            <subfield code="c">XA-DE</subfield>
         </datafield>
         <datafield tag="110" ind1="2" ind2=" ">
            <subfield code="a">Verlagsarchiv André</subfield>
            <subfield code="c">Offenbach am Main</subfield>
            <subfield code="g">D-OF</subfield>
         </datafield>
         <datafield tag="622" ind1=" " ind2=" ">
            <subfield code="e">Verlagsarchiv André, Frankfurter Straße 28, 63065 Offenbach am Main, Germany</subfield>
            <subfield code="u">http://www.musik-andre.de</subfield>
         </datafield>
      </record>