
      <record>
         <leader>00000nz  a2200169   4500</leader>
         <controlfield tag="001">30001244</controlfield>
         <controlfield tag="003">RISM</controlfield>
         <controlfield tag="005">20160216</controlfield>
         <controlfield tag="008">160216n||az|||||||##########||||||||||||</controlfield>
         <datafield tag="040" ind1=" " ind2=" ">
            <subfield code="a">D-OH</subfield>
         </datafield>
         <datafield tag="043" ind1=" " ind2=" ">
            <subfield code="c">XA-DE</subfield>
         </datafield>
         <datafield tag="110" ind1="2" ind2=" ">
            <subfield code="a">Evangelisch-Lutherisches Pfarramt, Pfarrarchiv St. Mauritius</subfield>
            <subfield code="c">Oberfrankenhain (Stadt Frohburg)</subfield>
            <subfield code="g">D-OH</subfield>
         </datafield>
         <datafield tag="410" ind1="2" ind2=" ">
            <subfield code="a">Evangelisch-Lutherische Kirchgemeinde Oberfrankenhain</subfield>
         </datafield>
         <datafield tag="622" ind1=" " ind2=" ">
            <subfield code="e">Evangelisch-Lutherisches Pfarramt,,  Pfarrarchiv St. Mauritius, Hauptstraße 33, 04654 Oberfrankenhain (Stadt Frohburg), Germany</subfield>
            <subfield code="u">http://www.kirche-frankenhain.de/</subfield>
         </datafield>
      </record>