
      <record>
         <leader>00000nz  a2200169   4500</leader>
         <controlfield tag="001">30003807</controlfield>
         <controlfield tag="003">RISM</controlfield>
         <controlfield tag="005">20160216</controlfield>
         <controlfield tag="008">160216n||az|||||||##########||||||||||||</controlfield>
         <datafield tag="040" ind1=" " ind2=" ">
            <subfield code="a">D-OHEp</subfield>
         </datafield>
         <datafield tag="043" ind1=" " ind2=" ">
            <subfield code="c">XA-DE</subfield>
         </datafield>
         <datafield tag="110" ind1="2" ind2=" ">
            <subfield code="a">Evangelisch-Lutherisches Pfarramt, Pfarrarchiv</subfield>
            <subfield code="c">Oberheldrungen</subfield>
            <subfield code="g">D-OHEp</subfield>
         </datafield>
         <datafield tag="622" ind1=" " ind2=" ">
            <subfield code="e">Evangelisch-Lutherisches Pfarramt,,  Pfarrarchiv, c/o Pfarrbereich Heldrungen, Hauptstraße 57, 06577 Heldrungen, Germany</subfield>
            <subfield code="u">http://goo.gl/qAA2Pi</subfield>
         </datafield>
      </record>