
      <record>
         <leader>00000nz  a2200169   4500</leader>
         <controlfield tag="001">30001245</controlfield>
         <controlfield tag="003">RISM</controlfield>
         <controlfield tag="005">20160216</controlfield>
         <controlfield tag="008">160216n||az|||||||##########||||||||||||</controlfield>
         <datafield tag="040" ind1=" " ind2=" ">
            <subfield code="a">D-OHR</subfield>
         </datafield>
         <datafield tag="043" ind1=" " ind2=" ">
            <subfield code="c">XA-DE</subfield>
         </datafield>
         <datafield tag="110" ind1="2" ind2=" ">
            <subfield code="a">Kirchenbibliothek St. Michaelis</subfield>
            <subfield code="c">Ohrdruf</subfield>
            <subfield code="g">D-OHR</subfield>
         </datafield>
         <datafield tag="622" ind1=" " ind2=" ">
            <subfield code="e">Kirchenbibliothek St. Michaelis, Evangelisch-Lutherische Kirchgemeinde, Kirchstr. 20, 99885 Ohrdruf, Germany</subfield>
            <subfield code="u">http://www.ohrdruf-luisenthal.de/</subfield>
         </datafield>
      </record>