
      <record>
         <leader>00000nz  a2200169   4500</leader>
         <controlfield tag="001">30003955</controlfield>
         <controlfield tag="003">RISM</controlfield>
         <controlfield tag="005">20160216</controlfield>
         <controlfield tag="008">160216n||az|||||||##########||||||||||||</controlfield>
         <datafield tag="040" ind1=" " ind2=" ">
            <subfield code="a">D-OLBp</subfield>
         </datafield>
         <datafield tag="043" ind1=" " ind2=" ">
            <subfield code="c">XA-DE</subfield>
         </datafield>
         <datafield tag="110" ind1="2" ind2=" ">
            <subfield code="a">Kirchspiel Rastenberg, Evangelische Kirchengemeinde Olbersleben, Pfarrarchiv</subfield>
            <subfield code="c">Olbersleben</subfield>
            <subfield code="g">D-OLBp</subfield>
         </datafield>
         <datafield tag="622" ind1=" " ind2=" ">
            <subfield code="e">Kirchspiel Rastenberg, Evangelische,  Kirchengemeinde Olbersleben,,  Pfarrarchiv, c/o Pfarramt Rastenberg, Lossaer Str. 8, 99636 Rastenberg, Germany</subfield>
            <subfield code="u">http://www.kirchspielrastenberg.de/kirchen-und-geb%C3%A4ude/olbersleben/</subfield>
         </datafield>
      </record>