
      <record>
         <leader>00000nz  a2200169   4500</leader>
         <controlfield tag="001">30000955</controlfield>
         <controlfield tag="003">RISM</controlfield>
         <controlfield tag="005">20160216</controlfield>
         <controlfield tag="008">160216n||az|||||||##########||||||||||||</controlfield>
         <datafield tag="040" ind1=" " ind2=" ">
            <subfield code="a">D-OLl</subfield>
         </datafield>
         <datafield tag="043" ind1=" " ind2=" ">
            <subfield code="c">XA-DE</subfield>
         </datafield>
         <datafield tag="110" ind1="2" ind2=" ">
            <subfield code="a">Landesbibliothek</subfield>
            <subfield code="c">Oldenburg</subfield>
            <subfield code="g">D-OLl</subfield>
         </datafield>
         <datafield tag="410" ind1="2" ind2=" ">
            <subfield code="a">Großherzogliche Öffentliche Bibliothek</subfield>
         </datafield>
         <datafield tag="622" ind1=" " ind2=" ">
            <subfield code="e">Landesbibliothek, Pferdemarkt 15, 26121 Oldenburg, Germany</subfield>
            <subfield code="u">http://www.lb-oldenburg.de/</subfield>
         </datafield>
      </record>