
      <record>
         <leader>00000nz  a2200169   4500</leader>
         <controlfield tag="001">30002855</controlfield>
         <controlfield tag="003">RISM</controlfield>
         <controlfield tag="005">20160216</controlfield>
         <controlfield tag="008">160216n||az|||||||##########||||||||||||</controlfield>
         <datafield tag="040" ind1=" " ind2=" ">
            <subfield code="a">D-OS</subfield>
         </datafield>
         <datafield tag="043" ind1=" " ind2=" ">
            <subfield code="c">XA-DE</subfield>
         </datafield>
         <datafield tag="110" ind1="2" ind2=" ">
            <subfield code="a">Diözesanarchiv</subfield>
            <subfield code="c">Osnabrück</subfield>
            <subfield code="g">D-OS</subfield>
         </datafield>
         <datafield tag="410" ind1="2" ind2=" ">
            <subfield code="a">Archiv des Bischöflichen Generalvikars</subfield>
         </datafield>
         <datafield tag="622" ind1=" " ind2=" ">
            <subfield code="e">Diözesanarchiv, Große Domsfreiheit 10, 49074 Osnabrück, Germany</subfield>
            <subfield code="u">http://www.bistum-osnabrueck.de/kultur/dioezesanarchiv.html</subfield>
         </datafield>
      </record>