
      <record>
         <leader>00000nz  a2200169   4500</leader>
         <controlfield tag="001">30000957</controlfield>
         <controlfield tag="003">RISM</controlfield>
         <controlfield tag="005">20160216</controlfield>
         <controlfield tag="008">160216n||az|||||||##########||||||||||||</controlfield>
         <datafield tag="040" ind1=" " ind2=" ">
            <subfield code="a">D-OSa</subfield>
         </datafield>
         <datafield tag="043" ind1=" " ind2=" ">
            <subfield code="c">XA-DE</subfield>
         </datafield>
         <datafield tag="110" ind1="2" ind2=" ">
            <subfield code="a">Niedersächsisches Landesarchiv - Standort Osnabrück</subfield>
            <subfield code="c">Osnabrück</subfield>
            <subfield code="g">D-OSa</subfield>
         </datafield>
         <datafield tag="410" ind1="2" ind2=" ">
            <subfield code="a">Niedersächsisches Staatsarchiv</subfield>
         </datafield>
         <datafield tag="622" ind1=" " ind2=" ">
            <subfield code="e">Niedersächsisches Landesarchiv -,  Standort Osnabrück, Schlossstraße 29, 49074 Osnabrück, Germany</subfield>
            <subfield code="u">http://goo.gl/AU2UXt</subfield>
         </datafield>
      </record>