
      <record>
         <leader>00000nz  a2200169   4500</leader>
         <controlfield tag="001">30001246</controlfield>
         <controlfield tag="003">RISM</controlfield>
         <controlfield tag="005">20160216</controlfield>
         <controlfield tag="008">160216n||az|||||||##########||||||||||||</controlfield>
         <datafield tag="040" ind1=" " ind2=" ">
            <subfield code="a">D-OSCHe</subfield>
         </datafield>
         <datafield tag="043" ind1=" " ind2=" ">
            <subfield code="c">XA-DE</subfield>
         </datafield>
         <datafield tag="110" ind1="2" ind2=" ">
            <subfield code="a">Evangelisch-Lutherische Kirchgemeinde St. Aegidien</subfield>
            <subfield code="c">Oschatz</subfield>
            <subfield code="g">D-OSCHe</subfield>
         </datafield>
         <datafield tag="410" ind1="2" ind2=" ">
            <subfield code="a">Evangelisch-Lutherisches Pfarramt und Superintendentur, Ephoralbibliothek</subfield>
         </datafield>
         <datafield tag="622" ind1=" " ind2=" ">
            <subfield code="e">Evangelisch-Lutherische Kirchgemeinde,  St. Aegidien, Kirchplatz 2, 04758 Oschatz, Germany</subfield>
            <subfield code="u">http://www.kirche-oschatz.de/</subfield>
         </datafield>
      </record>