
      <record>
         <leader>00000nz  a2200169   4500</leader>
         <controlfield tag="001">30000958</controlfield>
         <controlfield tag="003">RISM</controlfield>
         <controlfield tag="005">20160216</controlfield>
         <controlfield tag="008">160216n||az|||||||##########||||||||||||</controlfield>
         <datafield tag="040" ind1=" " ind2=" ">
            <subfield code="a">D-OSm</subfield>
         </datafield>
         <datafield tag="043" ind1=" " ind2=" ">
            <subfield code="c">XA-DE</subfield>
         </datafield>
         <datafield tag="110" ind1="2" ind2=" ">
            <subfield code="a">Kulturgeschichtliches Museum</subfield>
            <subfield code="c">Osnabrück</subfield>
            <subfield code="g">D-OSm</subfield>
         </datafield>
         <datafield tag="410" ind1="2" ind2=" ">
            <subfield code="a">Städtisches Museum, Bibliothek</subfield>
         </datafield>
         <datafield tag="622" ind1=" " ind2=" ">
            <subfield code="e">Kulturgeschichtliches Museum, Lotter Straße 2, 49078 Osnabrück, Germany</subfield>
            <subfield code="u">http://www2.osnabrueck.de/10523.asp</subfield>
         </datafield>
      </record>