
      <record>
         <leader>00000nz  a2200169   4500</leader>
         <controlfield tag="001">30002804</controlfield>
         <controlfield tag="003">RISM</controlfield>
         <controlfield tag="005">20160216</controlfield>
         <controlfield tag="008">160216n||az|||||||##########||||||||||||</controlfield>
         <datafield tag="040" ind1=" " ind2=" ">
            <subfield code="a">D-OSr</subfield>
         </datafield>
         <datafield tag="043" ind1=" " ind2=" ">
            <subfield code="c">XA-DE</subfield>
         </datafield>
         <datafield tag="110" ind1="2" ind2=" ">
            <subfield code="a">Rathaus, Ratsarchiv</subfield>
            <subfield code="c">Osnabrück</subfield>
            <subfield code="g">D-OSr</subfield>
         </datafield>
         <datafield tag="622" ind1=" " ind2=" ">
            <subfield code="e">Rathaus, Ratsarchiv, Bierstraße 28, 49074 Osnabrück, Germany</subfield>
            <subfield code="u">http://www.osnabrueck.de/Start/</subfield>
         </datafield>
      </record>