
      <record>
         <leader>00000nz  a2200169   4500</leader>
         <controlfield tag="001">30001247</controlfield>
         <controlfield tag="003">RISM</controlfield>
         <controlfield tag="005">20160216</controlfield>
         <controlfield tag="008">160216n||az|||||||##########||||||||||||</controlfield>
         <datafield tag="040" ind1=" " ind2=" ">
            <subfield code="a">D-OW</subfield>
         </datafield>
         <datafield tag="043" ind1=" " ind2=" ">
            <subfield code="c">XA-DE</subfield>
         </datafield>
         <datafield tag="110" ind1="2" ind2=" ">
            <subfield code="a">Evangelisch-Lutherische Kirchengemeinde Oberweid, Pfarrarchiv</subfield>
            <subfield code="c">Oberweid</subfield>
            <subfield code="g">D-OW</subfield>
         </datafield>
         <datafield tag="622" ind1=" " ind2=" ">
            <subfield code="e">Evangelisch-Lutherische Kirchengemeinde,  Oberweid, Pfarrarchiv, c/o Pfarramt Frankenheim, Karolinenstraße 7, 98634 Frankenheim, Germany</subfield>
            <subfield code="u">http://www.ekmd.de/kirche/kirchenkreise/1975.html?expanded=2068#2068</subfield>
         </datafield>
      </record>