
      <record>
         <leader>00000nz  a2200169   4500</leader>
         <controlfield tag="001">30000962</controlfield>
         <controlfield tag="003">RISM</controlfield>
         <controlfield tag="005">20160216</controlfield>
         <controlfield tag="008">160216n||az|||||||##########||||||||||||</controlfield>
         <datafield tag="040" ind1=" " ind2=" ">
            <subfield code="a">D-PA</subfield>
         </datafield>
         <datafield tag="043" ind1=" " ind2=" ">
            <subfield code="c">XA-DE</subfield>
         </datafield>
         <datafield tag="110" ind1="2" ind2=" ">
            <subfield code="a">Erzbischöfliche Akademische Bibliothek</subfield>
            <subfield code="c">Paderborn</subfield>
            <subfield code="g">D-PA</subfield>
         </datafield>
         <datafield tag="580" ind1=" " ind2=" ">
            <subfield code="x">D-HRD</subfield>
            <subfield code="0">30000126</subfield>
         </datafield>
         <datafield tag="622" ind1=" " ind2=" ">
            <subfield code="e">Erzbischöfliche Akademische Bibliothek, Leostraße 21, 33098 Paderborn, Germany</subfield>
            <subfield code="u">http://www.eab-paderborn.org/index.php</subfield>
         </datafield>
      </record>