
      <record>
         <leader>00000nz  a2200169   4500</leader>
         <controlfield tag="001">30006108</controlfield>
         <controlfield tag="003">RISM</controlfield>
         <controlfield tag="005">20160216</controlfield>
         <controlfield tag="008">160216n||az|||||||##########||||||||||||</controlfield>
         <datafield tag="040" ind1=" " ind2=" ">
            <subfield code="a">D-PAba</subfield>
         </datafield>
         <datafield tag="043" ind1=" " ind2=" ">
            <subfield code="c">XA-DE</subfield>
         </datafield>
         <datafield tag="110" ind1="2" ind2=" ">
            <subfield code="a">Erzbistumsarchiv</subfield>
            <subfield code="c">Paderborn</subfield>
            <subfield code="g">D-PAba</subfield>
         </datafield>
         <datafield tag="410" ind1="2" ind2=" ">
            <subfield code="a">Domkapitel</subfield>
         </datafield>
         <datafield tag="622" ind1=" " ind2=" ">
            <subfield code="e">Erzbistumsarchiv, Konrad-Martin-Haus, Domplatz 3, 33098 Paderborn, Germany</subfield>
            <subfield code="u">http://goo.gl/UwZAfU</subfield>
         </datafield>
      </record>