
      <record>
         <leader>00000nz  a2200169   4500</leader>
         <controlfield tag="001">30002935</controlfield>
         <controlfield tag="003">RISM</controlfield>
         <controlfield tag="005">20160216</controlfield>
         <controlfield tag="008">160216n||az|||||||##########||||||||||||</controlfield>
         <datafield tag="040" ind1=" " ind2=" ">
            <subfield code="a">D-PAF</subfield>
         </datafield>
         <datafield tag="043" ind1=" " ind2=" ">
            <subfield code="c">XA-DE</subfield>
         </datafield>
         <datafield tag="110" ind1="2" ind2=" ">
            <subfield code="a">Evangelische Kirchengemeinde Pansfelde, Archiv</subfield>
            <subfield code="c">Pansfelde (Falkenstein/Harz)</subfield>
            <subfield code="g">D-PAF</subfield>
         </datafield>
         <datafield tag="622" ind1=" " ind2=" ">
            <subfield code="e">Evangelische Kirchengemeinde Pansfelde,,  Archiv, KSP Falkenstein/Harz Ermsleben, Sixtus-Kirchhof 12, 06463 Falkenstein/Harz, Germany</subfield>
            <subfield code="u">http://goo.gl/CH9AGJ</subfield>
         </datafield>
      </record>