
      <record>
         <leader>00000nz  a2200169   4500</leader>
         <controlfield tag="001">30003754</controlfield>
         <controlfield tag="003">RISM</controlfield>
         <controlfield tag="005">20160216</controlfield>
         <controlfield tag="008">160216n||az|||||||##########||||||||||||</controlfield>
         <datafield tag="040" ind1=" " ind2=" ">
            <subfield code="a">D-PD</subfield>
         </datafield>
         <datafield tag="043" ind1=" " ind2=" ">
            <subfield code="c">XA-DE</subfield>
         </datafield>
         <datafield tag="110" ind1="2" ind2=" ">
            <subfield code="a">Evangelische Kirchengemeinde Pillingsdorf, Pfarrarchiv</subfield>
            <subfield code="c">Pillingsdorf (Triptis)</subfield>
            <subfield code="g">D-PD</subfield>
         </datafield>
         <datafield tag="622" ind1=" " ind2=" ">
            <subfield code="e">Evangelische Kirchengemeinde,  Pillingsdorf, Pfarrarchiv, Pfarramt, Pillingsdorf 23, 07819 Triptis, Germany</subfield>
            <subfield code="u">http://www.kirchenkreis-schleiz.de/</subfield>
         </datafield>
      </record>