
      <record>
         <leader>00000nz  a2200169   4500</leader>
         <controlfield tag="001">30001248</controlfield>
         <controlfield tag="003">RISM</controlfield>
         <controlfield tag="005">20160216</controlfield>
         <controlfield tag="008">160216n||az|||||||##########||||||||||||</controlfield>
         <datafield tag="040" ind1=" " ind2=" ">
            <subfield code="a">D-PE</subfield>
         </datafield>
         <datafield tag="043" ind1=" " ind2=" ">
            <subfield code="c">XA-DE</subfield>
         </datafield>
         <datafield tag="110" ind1="2" ind2=" ">
            <subfield code="a">Evangelische Kirchengemeinde St. Jacobi, Pfarrarchiv</subfield>
            <subfield code="c">Perleberg</subfield>
            <subfield code="g">D-PE</subfield>
         </datafield>
         <datafield tag="622" ind1=" " ind2=" ">
            <subfield code="e">Evangelische Kirchengemeinde St. Jacobi,,  Pfarrarchiv, Kirchplatz 5, 19348 Perleberg, Germany</subfield>
            <subfield code="u">http://www.kirchenkreis-prignitz.de/pfarrsprengel-perleberg.html</subfield>
         </datafield>
      </record>