
      <record>
         <leader>00000nz  a2200169   4500</leader>
         <controlfield tag="001">30003276</controlfield>
         <controlfield tag="003">RISM</controlfield>
         <controlfield tag="005">20160216</controlfield>
         <controlfield tag="008">160216n||az|||||||##########||||||||||||</controlfield>
         <datafield tag="040" ind1=" " ind2=" ">
            <subfield code="a">D-Pg</subfield>
         </datafield>
         <datafield tag="043" ind1=" " ind2=" ">
            <subfield code="c">XA-DE</subfield>
         </datafield>
         <datafield tag="110" ind1="2" ind2=" ">
            <subfield code="a">Gymnasium Leopoldinum, Bibliothek</subfield>
            <subfield code="c">Passau</subfield>
            <subfield code="g">D-Pg</subfield>
         </datafield>
         <datafield tag="622" ind1=" " ind2=" ">
            <subfield code="e">Gymnasium Leopoldinum, Bibliothek, Michaeligasse 15, 94032 Passau, Germany</subfield>
            <subfield code="u">http://www.leopoldinum-passau.de/</subfield>
         </datafield>
      </record>