
      <record>
         <leader>00000nz  a2200169   4500</leader>
         <controlfield tag="001">30003755</controlfield>
         <controlfield tag="003">RISM</controlfield>
         <controlfield tag="005">20160216</controlfield>
         <controlfield tag="008">160216n||az|||||||##########||||||||||||</controlfield>
         <datafield tag="040" ind1=" " ind2=" ">
            <subfield code="a">D-PL</subfield>
         </datafield>
         <datafield tag="043" ind1=" " ind2=" ">
            <subfield code="c">XA-DE</subfield>
         </datafield>
         <datafield tag="110" ind1="2" ind2=" ">
            <subfield code="a">Stadtkirche St. Johannis, Pfarrarchiv</subfield>
            <subfield code="c">Plauen</subfield>
            <subfield code="g">D-PL</subfield>
         </datafield>
         <datafield tag="622" ind1=" " ind2=" ">
            <subfield code="e">Stadtkirche St. Johannis, Pfarrarchiv, Ev.-Luth. Pfarramt, Untere Endestraße 4, 08523 Plauen, Germany</subfield>
            <subfield code="u">http://www.kirche-plauen.de/index.html</subfield>
         </datafield>
      </record>