
      <record>
         <leader>00000nz  a2200169   4500</leader>
         <controlfield tag="001">30001250</controlfield>
         <controlfield tag="003">RISM</controlfield>
         <controlfield tag="005">20160216</controlfield>
         <controlfield tag="008">160216n||az|||||||##########||||||||||||</controlfield>
         <datafield tag="040" ind1=" " ind2=" ">
            <subfield code="a">D-PLst</subfield>
         </datafield>
         <datafield tag="043" ind1=" " ind2=" ">
            <subfield code="c">XA-DE</subfield>
         </datafield>
         <datafield tag="110" ind1="2" ind2=" ">
            <subfield code="a">Vogtlandbibliothek, Musikbibliothek</subfield>
            <subfield code="c">Plauen</subfield>
            <subfield code="g">D-PLst</subfield>
         </datafield>
         <datafield tag="410" ind1="2" ind2=" ">
            <subfield code="a">Stadtbibliothek</subfield>
         </datafield>
         <datafield tag="622" ind1=" " ind2=" ">
            <subfield code="e">Vogtlandbibliothek, Musikbibliothek, Neundorfer Str. 8, 08523 Plauen, Germany</subfield>
            <subfield code="u">http://www.vogtlandbibliothek.de</subfield>
         </datafield>
      </record>