
      <record>
         <leader>00000nz  a2200169   4500</leader>
         <controlfield tag="001">30002811</controlfield>
         <controlfield tag="003">RISM</controlfield>
         <controlfield tag="005">20160216</controlfield>
         <controlfield tag="008">160216n||az|||||||##########||||||||||||</controlfield>
         <datafield tag="040" ind1=" " ind2=" ">
            <subfield code="a">D-PO</subfield>
         </datafield>
         <datafield tag="043" ind1=" " ind2=" ">
            <subfield code="c">XA-DE</subfield>
         </datafield>
         <datafield tag="110" ind1="2" ind2=" ">
            <subfield code="a">Schloss Weißenstein, Graf von Schönbornsche Schlossbibliothek</subfield>
            <subfield code="c">Pommersfelden</subfield>
            <subfield code="g">D-PO</subfield>
         </datafield>
         <datafield tag="622" ind1=" " ind2=" ">
            <subfield code="e">Schloss Weißenstein, Graf von,  Schönbornsche Schlossbibliothek, 96178 Pommersfelden, Germany</subfield>
            <subfield code="u">http://www.schoenborn.de/weissenstein.html</subfield>
         </datafield>
      </record>