
      <record>
         <leader>00000nz  a2200169   4500</leader>
         <controlfield tag="001">30001251</controlfield>
         <controlfield tag="003">RISM</controlfield>
         <controlfield tag="005">20160216</controlfield>
         <controlfield tag="008">160216n||az|||||||##########||||||||||||</controlfield>
         <datafield tag="040" ind1=" " ind2=" ">
            <subfield code="a">D-PÖ</subfield>
         </datafield>
         <datafield tag="043" ind1=" " ind2=" ">
            <subfield code="c">XA-DE</subfield>
         </datafield>
         <datafield tag="110" ind1="2" ind2=" ">
            <subfield code="a">Stadtkirchenamt der Evangelisch-Lutherischen Kirchgemeinde, Archiv</subfield>
            <subfield code="c">Pößneck</subfield>
            <subfield code="g">D-PÖ</subfield>
         </datafield>
         <datafield tag="410" ind1="2" ind2=" ">
            <subfield code="a">Kreiskirchenamt, Archiv</subfield>
         </datafield>
         <datafield tag="622" ind1=" " ind2=" ">
            <subfield code="e">Stadtkirchenamt der,  Evangelisch-Lutherischen Kirchgemeinde,,  Archiv, Kirchplatz 13, 07381 Pößneck, Germany</subfield>
            <subfield code="u">http://ev-kirche-poessneck.de/</subfield>
         </datafield>
      </record>