
      <record>
         <leader>00000nz  a2200169   4500</leader>
         <controlfield tag="001">30000964</controlfield>
         <controlfield tag="003">RISM</controlfield>
         <controlfield tag="005">20160216</controlfield>
         <controlfield tag="008">160216n||az|||||||##########||||||||||||</controlfield>
         <datafield tag="040" ind1=" " ind2=" ">
            <subfield code="a">D-POL</subfield>
         </datafield>
         <datafield tag="043" ind1=" " ind2=" ">
            <subfield code="c">XA-DE</subfield>
         </datafield>
         <datafield tag="110" ind1="2" ind2=" ">
            <subfield code="a">Katholisches Pfarramt</subfield>
            <subfield code="c">Polling (bei Weilheim)</subfield>
            <subfield code="g">D-POL</subfield>
         </datafield>
         <datafield tag="622" ind1=" " ind2=" ">
            <subfield code="e">Katholisches Pfarramt, Kirchplatz 3a, 82398 Polling, Germany</subfield>
            <subfield code="u">http://www.hl-kreuz-polling.de/</subfield>
         </datafield>
      </record>