
      <record>
         <leader>00000nz  a2200169   4500</leader>
         <controlfield tag="001">30002937</controlfield>
         <controlfield tag="003">RISM</controlfield>
         <controlfield tag="005">20160216</controlfield>
         <controlfield tag="008">160216n||az|||||||##########||||||||||||</controlfield>
         <datafield tag="040" ind1=" " ind2=" ">
            <subfield code="a">D-POS</subfield>
         </datafield>
         <datafield tag="043" ind1=" " ind2=" ">
            <subfield code="c">XA-DE</subfield>
         </datafield>
         <datafield tag="110" ind1="2" ind2=" ">
            <subfield code="a">Evangelische Kirchengemeinde Poserna, Pfarrarchiv</subfield>
            <subfield code="c">Lützen-Poserna</subfield>
            <subfield code="g">D-POS</subfield>
         </datafield>
         <datafield tag="622" ind1=" " ind2=" ">
            <subfield code="e">Evangelische Kirchengemeinde Poserna,,  Pfarrarchiv, c/o Pfarrstelle Röcken, Merseburgerstr. 4c, 06686 Lützen-Röcken, Germany</subfield>
            <subfield code="u">http://www.ekmd.de/kirche/kirchenkreise/3124.html?expanded=3501#3501</subfield>
         </datafield>
      </record>