
      <record>
         <leader>00000nz  a2200169   4500</leader>
         <controlfield tag="001">30080315</controlfield>
         <controlfield tag="003">RISM</controlfield>
         <controlfield tag="005">20160216</controlfield>
         <controlfield tag="008">160216n||az|||||||##########||||||||||||</controlfield>
         <datafield tag="040" ind1=" " ind2=" ">
            <subfield code="a">D-POTblh</subfield>
         </datafield>
         <datafield tag="043" ind1=" " ind2=" ">
            <subfield code="c">XA-DE</subfield>
         </datafield>
         <datafield tag="110" ind1="2" ind2=" ">
            <subfield code="a">Brandenburgisches Landeshauptarchiv</subfield>
            <subfield code="c">Potsdam</subfield>
            <subfield code="g">D-POTblh</subfield>
         </datafield>
         <datafield tag="622" ind1=" " ind2=" ">
            <subfield code="e">Brandenburgisches Landeshauptarchiv, Zum Windmühlenberg, 14469 Potsdam, Germany</subfield>
            <subfield code="u">http://www.landeshauptarchiv-brandenburg.de/</subfield>
         </datafield>
      </record>