
      <record>
         <leader>00000nz  a2200169   4500</leader>
         <controlfield tag="001">30003277</controlfield>
         <controlfield tag="003">RISM</controlfield>
         <controlfield tag="005">20160216</controlfield>
         <controlfield tag="008">160216n||az|||||||##########||||||||||||</controlfield>
         <datafield tag="040" ind1=" " ind2=" ">
            <subfield code="a">D-POTh</subfield>
         </datafield>
         <datafield tag="043" ind1=" " ind2=" ">
            <subfield code="c">XA-DE</subfield>
         </datafield>
         <datafield tag="110" ind1="2" ind2=" ">
            <subfield code="a">Fachhochschule Potsdam, Hochschulbibliothek</subfield>
            <subfield code="c">Potsdam</subfield>
            <subfield code="g">D-POTh</subfield>
         </datafield>
         <datafield tag="410" ind1="2" ind2=" ">
            <subfield code="a">Pädagogische Hochschule</subfield>
         </datafield>
         <datafield tag="622" ind1=" " ind2=" ">
            <subfield code="e">Fachhochschule Potsdam,,  Hochschulbibliothek, Kiepenheuerallee 5, 14469 Potsdam, Germany</subfield>
            <subfield code="u">http://www.fh-potsdam.de</subfield>
         </datafield>
      </record>