
      <record>
         <leader>00000nz  a2200169   4500</leader>
         <controlfield tag="001">30000965</controlfield>
         <controlfield tag="003">RISM</controlfield>
         <controlfield tag="005">20160216</controlfield>
         <controlfield tag="008">160216n||az|||||||##########||||||||||||</controlfield>
         <datafield tag="040" ind1=" " ind2=" ">
            <subfield code="a">D-PRE</subfield>
         </datafield>
         <datafield tag="043" ind1=" " ind2=" ">
            <subfield code="c">XA-DE</subfield>
         </datafield>
         <datafield tag="110" ind1="2" ind2=" ">
            <subfield code="a">Prediger- und Studienseminar der Evangelisch-Lutherischen Landeskirche Schleswig-Holsteins, Bibliothek</subfield>
            <subfield code="c">Preetz</subfield>
            <subfield code="g">D-PRE</subfield>
         </datafield>
         <datafield tag="410" ind1="2" ind2=" ">
            <subfield code="a">Predigerseminar</subfield>
         </datafield>
         <datafield tag="622" ind1=" " ind2=" ">
            <subfield code="e">Prediger- und Studienseminar der,  Evangelisch-Lutherischen Landeskirche,  Schleswig-Holsteins, Bibliothek, Kieler Straße 30, 24211 Preetz, Germany</subfield>
         </datafield>
      </record>