
      <record>
         <leader>00000nz  a2200169   4500</leader>
         <controlfield tag="001">30002812</controlfield>
         <controlfield tag="003">RISM</controlfield>
         <controlfield tag="005">20160216</controlfield>
         <controlfield tag="008">160216n||az|||||||##########||||||||||||</controlfield>
         <datafield tag="040" ind1=" " ind2=" ">
            <subfield code="a">D-PREk</subfield>
         </datafield>
         <datafield tag="043" ind1=" " ind2=" ">
            <subfield code="c">XA-DE</subfield>
         </datafield>
         <datafield tag="110" ind1="2" ind2=" ">
            <subfield code="a">Adeliges Kloster, Bibliothek</subfield>
            <subfield code="c">Preetz</subfield>
            <subfield code="g">D-PREk</subfield>
         </datafield>
         <datafield tag="410" ind1="2" ind2=" ">
            <subfield code="a">Klosterbibliothek</subfield>
         </datafield>
         <datafield tag="622" ind1=" " ind2=" ">
            <subfield code="e">Adeliges Kloster, Bibliothek, Klosterhof 5, 24211 Preetz, Germany</subfield>
            <subfield code="u">http://www.klosterpreetz.de/</subfield>
         </datafield>
      </record>