
      <record>
         <leader>00000nz  a2200169   4500</leader>
         <controlfield tag="001">30000961</controlfield>
         <controlfield tag="003">RISM</controlfield>
         <controlfield tag="005">20160216</controlfield>
         <controlfield tag="008">160216n||az|||||||##########||||||||||||</controlfield>
         <datafield tag="040" ind1=" " ind2=" ">
            <subfield code="a">D-Ps</subfield>
         </datafield>
         <datafield tag="043" ind1=" " ind2=" ">
            <subfield code="c">XA-DE</subfield>
         </datafield>
         <datafield tag="110" ind1="2" ind2=" ">
            <subfield code="a">Staatliche Bibliothek</subfield>
            <subfield code="c">Passau</subfield>
            <subfield code="g">D-Ps</subfield>
         </datafield>
         <datafield tag="410" ind1="2" ind2=" ">
            <subfield code="a">Königliche Kreis- und Studienbibliothek</subfield>
         </datafield>
         <datafield tag="622" ind1=" " ind2=" ">
            <subfield code="e">Staatliche Bibliothek, Michaeligasse 11, 94032 Passau, Germany</subfield>
            <subfield code="u">http://www.staatliche-bibliothek-passau.de</subfield>
         </datafield>
         <datafield tag="710" ind1="2" ind2=" ">
            <subfield code="a">Johannes-Turmair-Gymnasium, Bibliothek</subfield>
            <subfield code="0">30000988</subfield>
         </datafield>
      </record>