
      <record>
         <leader>00000nz  a2200169   4500</leader>
         <controlfield tag="001">30000061</controlfield>
         <controlfield tag="003">RISM</controlfield>
         <controlfield tag="005">20160216</controlfield>
         <controlfield tag="008">160216n||az|||||||##########||||||||||||</controlfield>
         <datafield tag="040" ind1=" " ind2=" ">
            <subfield code="a">D-PU</subfield>
         </datafield>
         <datafield tag="043" ind1=" " ind2=" ">
            <subfield code="c">XA-DE</subfield>
         </datafield>
         <datafield tag="110" ind1="2" ind2=" ">
            <subfield code="a">Evangelische Kirchengemeinde zu St. Nikolai, Bibliothek</subfield>
            <subfield code="c">Pulsnitz (Sachsen)</subfield>
            <subfield code="g">D-PU</subfield>
         </datafield>
         <datafield tag="622" ind1=" " ind2=" ">
            <subfield code="e">Evangelische Kirchengemeinde zu St.,  Nikolai, Bibliothek, Kirchplatz 1, 01896 Pulsnitz (Sachsen), Germany</subfield>
         </datafield>
      </record>