
      <record>
         <leader>00000nz  a2200169   4500</leader>
         <controlfield tag="001">30001253</controlfield>
         <controlfield tag="003">RISM</controlfield>
         <controlfield tag="005">20160216</controlfield>
         <controlfield tag="008">160216n||az|||||||##########||||||||||||</controlfield>
         <datafield tag="040" ind1=" " ind2=" ">
            <subfield code="a">D-PW</subfield>
         </datafield>
         <datafield tag="043" ind1=" " ind2=" ">
            <subfield code="c">XA-DE</subfield>
         </datafield>
         <datafield tag="110" ind1="2" ind2=" ">
            <subfield code="a">Evangelisch-Lutherische St. Jakobuskirchgemeinde, Kirchenbibliothek</subfield>
            <subfield code="c">Pesterwitz (Freital)</subfield>
            <subfield code="g">D-PW</subfield>
         </datafield>
         <datafield tag="410" ind1="2" ind2=" ">
            <subfield code="a">Evangelisch-Lutherisches Pfarramt, Pfarrarchiv</subfield>
         </datafield>
         <datafield tag="622" ind1=" " ind2=" ">
            <subfield code="e">Evangelisch-Lutherische St.,  Jakobuskirchgemeinde, Kirchenbibliothek, Zur Jakobuskirche 2, 01705 Pesterwitz (Freital), Germany</subfield>
            <subfield code="u">http://kirche-pesterwitz.de/</subfield>
         </datafield>
      </record>