
      <record>
         <leader>00000nz  a2200169   4500</leader>
         <controlfield tag="001">30001254</controlfield>
         <controlfield tag="003">RISM</controlfield>
         <controlfield tag="005">20160216</controlfield>
         <controlfield tag="008">160216n||az|||||||##########||||||||||||</controlfield>
         <datafield tag="040" ind1=" " ind2=" ">
            <subfield code="a">D-Q</subfield>
         </datafield>
         <datafield tag="043" ind1=" " ind2=" ">
            <subfield code="c">XA-DE</subfield>
         </datafield>
         <datafield tag="110" ind1="2" ind2=" ">
            <subfield code="a">Kreisbibliothek</subfield>
            <subfield code="c">Quedlinburg</subfield>
            <subfield code="g">D-Q</subfield>
         </datafield>
         <datafield tag="410" ind1="2" ind2=" ">
            <subfield code="a">Kreis- und Stadtbibliothek</subfield>
         </datafield>
         <datafield tag="622" ind1=" " ind2=" ">
            <subfield code="e">Kreisbibliothek, Bildungshaus Carl Ritter, Heiligegeiststraße 8, 06484 Quedlinburg, Germany</subfield>
            <subfield code="u">http://www.kreis-hz.de/de/kreisbibliothek-quedlinburg2.html</subfield>
         </datafield>
      </record>