
      <record>
         <leader>00000nz  a2200169   4500</leader>
         <controlfield tag="001">30005693</controlfield>
         <controlfield tag="003">RISM</controlfield>
         <controlfield tag="005">20160216</controlfield>
         <controlfield tag="008">160216n||az|||||||##########||||||||||||</controlfield>
         <datafield tag="040" ind1=" " ind2=" ">
            <subfield code="a">D-Qbb</subfield>
         </datafield>
         <datafield tag="043" ind1=" " ind2=" ">
            <subfield code="c">XA-DE</subfield>
         </datafield>
         <datafield tag="110" ind1="2" ind2=" ">
            <subfield code="a">Evangelische Kirchengemeinde</subfield>
            <subfield code="c">Quedlinburg</subfield>
            <subfield code="g">D-Qbb</subfield>
         </datafield>
         <datafield tag="410" ind1="2" ind2=" ">
            <subfield code="a">Stadtkirche St. Blasii-Benedikti</subfield>
         </datafield>
         <datafield tag="622" ind1=" " ind2=" ">
            <subfield code="e">Evangelische Kirchengemeinde, Evangelisches Gemeindehaus, Carl-Ritter-Straße 16, 06484 Quedlinburg, Germany</subfield>
            <subfield code="u">http://www.kirchequedlinburg.de/</subfield>
         </datafield>
      </record>