
      <record>
         <leader>00000nz  a2200169   4500</leader>
         <controlfield tag="001">30001255</controlfield>
         <controlfield tag="003">RISM</controlfield>
         <controlfield tag="005">20160216</controlfield>
         <controlfield tag="008">160216n||az|||||||##########||||||||||||</controlfield>
         <datafield tag="040" ind1=" " ind2=" ">
            <subfield code="a">D-QUh</subfield>
         </datafield>
         <datafield tag="043" ind1=" " ind2=" ">
            <subfield code="c">XA-DE</subfield>
         </datafield>
         <datafield tag="110" ind1="2" ind2=" ">
            <subfield code="a">Museum Burg Querfurt, Bibliothek</subfield>
            <subfield code="c">Querfurt</subfield>
            <subfield code="g">D-QUh</subfield>
         </datafield>
         <datafield tag="410" ind1="2" ind2=" ">
            <subfield code="a">Heimatmuseum</subfield>
         </datafield>
         <datafield tag="410" ind1="2" ind2=" ">
            <subfield code="a">Burg- und Kreismuseum</subfield>
         </datafield>
         <datafield tag="622" ind1=" " ind2=" ">
            <subfield code="e">Museum Burg Querfurt, Bibliothek, 06268 Querfurt, Germany</subfield>
            <subfield code="u">http://www.burg-querfurt.de/</subfield>
         </datafield>
      </record>