
      <record>
         <leader>00000nz  a2200169   4500</leader>
         <controlfield tag="001">30001256</controlfield>
         <controlfield tag="003">RISM</controlfield>
         <controlfield tag="005">20160216</controlfield>
         <controlfield tag="008">160216n||az|||||||##########||||||||||||</controlfield>
         <datafield tag="040" ind1=" " ind2=" ">
            <subfield code="a">D-QUk</subfield>
         </datafield>
         <datafield tag="043" ind1=" " ind2=" ">
            <subfield code="c">XA-DE</subfield>
         </datafield>
         <datafield tag="110" ind1="2" ind2=" ">
            <subfield code="a">Evangelisches Kirchspiel</subfield>
            <subfield code="c">Querfurt</subfield>
            <subfield code="g">D-QUk</subfield>
         </datafield>
         <datafield tag="410" ind1="2" ind2=" ">
            <subfield code="a">Evangelisch-Lutherische Stadtkirche, Pfarramt und Superintendentur, Kirchenarchiv</subfield>
         </datafield>
         <datafield tag="622" ind1=" " ind2=" ">
            <subfield code="e">Evangelisches Kirchspiel, Kirchplan 2, 06268 Querfurt, Germany</subfield>
            <subfield code="u">http://evkirchspielquerfurt.de/index.html</subfield>
         </datafield>
      </record>