
      <record>
         <leader>00000nz  a2200169   4500</leader>
         <controlfield tag="001">30003951</controlfield>
         <controlfield tag="003">RISM</controlfield>
         <controlfield tag="005">20160216</controlfield>
         <controlfield tag="008">160216n||az|||||||##########||||||||||||</controlfield>
         <datafield tag="040" ind1=" " ind2=" ">
            <subfield code="a">D-RAI</subfield>
         </datafield>
         <datafield tag="043" ind1=" " ind2=" ">
            <subfield code="c">XA-DE</subfield>
         </datafield>
         <datafield tag="110" ind1="2" ind2=" ">
            <subfield code="a">Gebrüder-Lachner-Museum</subfield>
            <subfield code="c">Rain</subfield>
            <subfield code="g">D-RAI</subfield>
         </datafield>
         <datafield tag="622" ind1=" " ind2=" ">
            <subfield code="e">Gebrüder-Lachner-Museum, Kirchplatz 7, 86641 Rain, Germany</subfield>
         </datafield>
      </record>