
      <record>
         <leader>00000nz  a2200169   4500</leader>
         <controlfield tag="001">30000974</controlfield>
         <controlfield tag="003">RISM</controlfield>
         <controlfield tag="005">20160216</controlfield>
         <controlfield tag="008">160216n||az|||||||##########||||||||||||</controlfield>
         <datafield tag="040" ind1=" " ind2=" ">
            <subfield code="a">D-RB</subfield>
         </datafield>
         <datafield tag="043" ind1=" " ind2=" ">
            <subfield code="c">XA-DE</subfield>
         </datafield>
         <datafield tag="110" ind1="2" ind2=" ">
            <subfield code="a">Stadtarchiv</subfield>
            <subfield code="c">Rothenburg ob der Tauber</subfield>
            <subfield code="g">D-RB</subfield>
         </datafield>
         <datafield tag="410" ind1="2" ind2=" ">
            <subfield code="a">Rats- und Konsistorialbibliothek</subfield>
         </datafield>
         <datafield tag="622" ind1=" " ind2=" ">
            <subfield code="e">Stadtarchiv, Büttelhaus, Milchmarkt 2, 91541 Rothenburg ob der Tauber, Germany</subfield>
            <subfield code="u">http://www.rothenburg.de/stadtportrait/stadtarchiv/</subfield>
         </datafield>
      </record>