
      <record>
         <leader>00000nz  a2200169   4500</leader>
         <controlfield tag="001">30000097</controlfield>
         <controlfield tag="003">RISM</controlfield>
         <controlfield tag="005">20160216</controlfield>
         <controlfield tag="008">160216n||az|||||||##########||||||||||||</controlfield>
         <datafield tag="040" ind1=" " ind2=" ">
            <subfield code="a">D-RCB</subfield>
         </datafield>
         <datafield tag="043" ind1=" " ind2=" ">
            <subfield code="c">XA-DE</subfield>
         </datafield>
         <datafield tag="110" ind1="2" ind2=" ">
            <subfield code="a">Evangelisch-Lutherische Kirchgemeinde, Pfarramt</subfield>
            <subfield code="c">Reichenbach (Vogtland)</subfield>
            <subfield code="g">D-RCB</subfield>
         </datafield>
         <datafield tag="410" ind1="2" ind2=" ">
            <subfield code="a">St. Peter und Paul</subfield>
         </datafield>
         <datafield tag="622" ind1=" " ind2=" ">
            <subfield code="e">Evangelisch-Lutherische Kirchgemeinde,,  Pfarramt, Kirchplatz 4, 08468 Reichenbach (Vogtland), Germany</subfield>
            <subfield code="u">http://www.ev-kirche-reichenbach.de/</subfield>
         </datafield>
      </record>