
      <record>
         <leader>00000nz  a2200169   4500</leader>
         <controlfield tag="001">30000975</controlfield>
         <controlfield tag="003">RISM</controlfield>
         <controlfield tag="005">20160216</controlfield>
         <controlfield tag="008">160216n||az|||||||##########||||||||||||</controlfield>
         <datafield tag="040" ind1=" " ind2=" ">
            <subfield code="a">D-RE</subfield>
         </datafield>
         <datafield tag="043" ind1=" " ind2=" ">
            <subfield code="c">XA-DE</subfield>
         </datafield>
         <datafield tag="110" ind1="2" ind2=" ">
            <subfield code="a">Franziskanerinnenkloster Reutberg, Bibliothek</subfield>
            <subfield code="c">Sachsenkam</subfield>
            <subfield code="g">D-RE</subfield>
         </datafield>
         <datafield tag="622" ind1=" " ind2=" ">
            <subfield code="e">Franziskanerinnenkloster Reutberg,,  Bibliothek, Am Reutberg 1-3, 83679 Sachsenkam, Germany</subfield>
         </datafield>
      </record>