
      <record>
         <leader>00000nz  a2200169   4500</leader>
         <controlfield tag="001">30003811</controlfield>
         <controlfield tag="003">RISM</controlfield>
         <controlfield tag="005">20160216</controlfield>
         <controlfield tag="008">160216n||az|||||||##########||||||||||||</controlfield>
         <datafield tag="040" ind1=" " ind2=" ">
            <subfield code="a">D-REDp</subfield>
         </datafield>
         <datafield tag="043" ind1=" " ind2=" ">
            <subfield code="c">XA-DE</subfield>
         </datafield>
         <datafield tag="110" ind1="2" ind2=" ">
            <subfield code="a">Evangelisch-Lutherische Kirchgemeinde Reisdorf, Pfarrarchiv</subfield>
            <subfield code="c">Reisdorf (Bad Sulza)</subfield>
            <subfield code="g">D-REDp</subfield>
         </datafield>
         <datafield tag="622" ind1=" " ind2=" ">
            <subfield code="e">Evangelisch-Lutherische Kirchgemeinde,  Reisdorf, Pfarrarchiv, c/o Kirchgemeinde Bad Sulza, Kirchstr.12, 99518 Bad Sulza, Germany</subfield>
            <subfield code="u">http://www.kirchebadsulza.de/index.html</subfield>
         </datafield>
      </record>