
      <record>
         <leader>00000nz  a2200169   4500</leader>
         <controlfield tag="001">30003756</controlfield>
         <controlfield tag="003">RISM</controlfield>
         <controlfield tag="005">20160216</controlfield>
         <controlfield tag="008">160216n||az|||||||##########||||||||||||</controlfield>
         <datafield tag="040" ind1=" " ind2=" ">
            <subfield code="a">D-REH</subfield>
         </datafield>
         <datafield tag="043" ind1=" " ind2=" ">
            <subfield code="c">XA-DE</subfield>
         </datafield>
         <datafield tag="110" ind1="2" ind2=" ">
            <subfield code="a">Evangelisch-Lutherisches Pfarramt, Pfarrarchiv</subfield>
            <subfield code="c">Rehestädt (Ichtershausen)</subfield>
            <subfield code="g">D-REH</subfield>
         </datafield>
         <datafield tag="622" ind1=" " ind2=" ">
            <subfield code="e">Evangelisch-Lutherisches Pfarramt,,  Pfarrarchiv, c/o Pfarramt Ichtershausen, Klosterstraße 1, 99334 Ichtershausen, Germany</subfield>
            <subfield code="u">http://goo.gl/ot2DVI</subfield>
         </datafield>
      </record>