
      <record>
         <leader>00000nz  a2200169   4500</leader>
         <controlfield tag="001">30002938</controlfield>
         <controlfield tag="003">RISM</controlfield>
         <controlfield tag="005">20160216</controlfield>
         <controlfield tag="008">160216n||az|||||||##########||||||||||||</controlfield>
         <datafield tag="040" ind1=" " ind2=" ">
            <subfield code="a">D-REM</subfield>
         </datafield>
         <datafield tag="043" ind1=" " ind2=" ">
            <subfield code="c">XA-DE</subfield>
         </datafield>
         <datafield tag="110" ind1="2" ind2=" ">
            <subfield code="a">Evangelische Kirchengemeinde Remptendorf, Pfarrarchiv</subfield>
            <subfield code="c">Remptendorf</subfield>
            <subfield code="g">D-REM</subfield>
         </datafield>
         <datafield tag="622" ind1=" " ind2=" ">
            <subfield code="e">Evangelische Kirchengemeinde,  Remptendorf, Pfarrarchiv, c/o Pfarramt Ebersdorf, Hauptstraße 6, 07929 Saalburg-Ebersdorf, Germany</subfield>
            <subfield code="u">http://www.ekmd.de/kirche/kirchenkreise/877.html?expanded=1250#1250</subfield>
         </datafield>
      </record>