
      <record>
         <leader>00000nz  a2200169   4500</leader>
         <controlfield tag="001">30000967</controlfield>
         <controlfield tag="003">RISM</controlfield>
         <controlfield tag="005">20160216</controlfield>
         <controlfield tag="008">160216n||az|||||||##########||||||||||||</controlfield>
         <datafield tag="040" ind1=" " ind2=" ">
            <subfield code="a">D-Rgk</subfield>
         </datafield>
         <datafield tag="043" ind1=" " ind2=" ">
            <subfield code="c">XA-DE</subfield>
         </datafield>
         <datafield tag="110" ind1="2" ind2=" ">
            <subfield code="a">Evangelisch-Lutherische Gesamtkirchengemeinde, Dekanats- und Pfarrarchiv</subfield>
            <subfield code="c">Regensburg</subfield>
            <subfield code="g">D-Rgk</subfield>
         </datafield>
         <datafield tag="622" ind1=" " ind2=" ">
            <subfield code="e">Evangelisch-Lutherische,  Gesamtkirchengemeinde, Dekanats- und,  Pfarrarchiv, Dekanatsgebäude, Pfarrergasse 5, 93047 Regensburg, Germany</subfield>
            <subfield code="u">http://www.regensburg-evangelisch.de/archiv</subfield>
         </datafield>
      </record>