
      <record>
         <leader>00000nz  a2200169   4500</leader>
         <controlfield tag="001">30006090</controlfield>
         <controlfield tag="003">RISM</controlfield>
         <controlfield tag="005">20160216</controlfield>
         <controlfield tag="008">160216n||az|||||||##########||||||||||||</controlfield>
         <datafield tag="040" ind1=" " ind2=" ">
            <subfield code="a">D-Rhk</subfield>
         </datafield>
         <datafield tag="043" ind1=" " ind2=" ">
            <subfield code="c">XA-DE</subfield>
         </datafield>
         <datafield tag="110" ind1="2" ind2=" ">
            <subfield code="a">Dominikanerinnenkloster Heilig Kreuz, Archiv</subfield>
            <subfield code="c">Regensburg</subfield>
            <subfield code="g">D-Rhk</subfield>
         </datafield>
         <datafield tag="622" ind1=" " ind2=" ">
            <subfield code="e">Dominikanerinnenkloster Heilig Kreuz,,  Archiv, Am Judenstein 10, 93047 Regensburg, Germany</subfield>
            <subfield code="u">http://www.heilig-kreuz.org/german/index2.htm</subfield>
         </datafield>
      </record>