
      <record>
         <leader>00000nz  a2200169   4500</leader>
         <controlfield tag="001">30001258</controlfield>
         <controlfield tag="003">RISM</controlfield>
         <controlfield tag="005">20160216</controlfield>
         <controlfield tag="008">160216n||az|||||||##########||||||||||||</controlfield>
         <datafield tag="040" ind1=" " ind2=" ">
            <subfield code="a">D-RIE</subfield>
         </datafield>
         <datafield tag="043" ind1=" " ind2=" ">
            <subfield code="c">XA-DE</subfield>
         </datafield>
         <datafield tag="110" ind1="2" ind2=" ">
            <subfield code="a">Stadtmuseum</subfield>
            <subfield code="c">Riesa</subfield>
            <subfield code="g">D-RIE</subfield>
         </datafield>
         <datafield tag="410" ind1="2" ind2=" ">
            <subfield code="a">Heimatmuseum, Bibliothek</subfield>
         </datafield>
         <datafield tag="622" ind1=" " ind2=" ">
            <subfield code="e">Stadtmuseum, Poppitzer Platz 3, 01589 Riesa, Germany</subfield>
            <subfield code="u">http://haus-am-poppitzer-platz-riesa.de/index.php/stadtmuseum-riesa</subfield>
         </datafield>
      </record>