
      <record>
         <leader>00000nz  a2200169   4500</leader>
         <controlfield tag="001">30079177</controlfield>
         <controlfield tag="003">RISM</controlfield>
         <controlfield tag="005">20160216</controlfield>
         <controlfield tag="008">160216n||az|||||||##########||||||||||||</controlfield>
         <datafield tag="040" ind1=" " ind2=" ">
            <subfield code="a">D-RIemr</subfield>
         </datafield>
         <datafield tag="043" ind1=" " ind2=" ">
            <subfield code="c">XA-DE</subfield>
         </datafield>
         <datafield tag="110" ind1="2" ind2=" ">
            <subfield code="a">Eulenburg - Museum Rinteln</subfield>
            <subfield code="c">Rinteln</subfield>
            <subfield code="g">D-RIemr</subfield>
         </datafield>
         <datafield tag="622" ind1=" " ind2=" ">
            <subfield code="e">Eulenburg - Museum Rinteln, Klosterstraße 21, 31737 Rinteln, Germany</subfield>
            <subfield code="u">http://www.eulenburg-museum.de/</subfield>
         </datafield>
      </record>