
      <record>
         <leader>00000nz  a2200169   4500</leader>
         <controlfield tag="001">30002813</controlfield>
         <controlfield tag="003">RISM</controlfield>
         <controlfield tag="005">20160216</controlfield>
         <controlfield tag="008">160216n||az|||||||##########||||||||||||</controlfield>
         <datafield tag="040" ind1=" " ind2=" ">
            <subfield code="a">D-Rk</subfield>
         </datafield>
         <datafield tag="043" ind1=" " ind2=" ">
            <subfield code="c">XA-DE</subfield>
         </datafield>
         <datafield tag="110" ind1="2" ind2=" ">
            <subfield code="a">Karmelitenkloster St. Joseph, Bibliothek</subfield>
            <subfield code="c">Regensburg</subfield>
            <subfield code="g">D-Rk</subfield>
         </datafield>
         <datafield tag="622" ind1=" " ind2=" ">
            <subfield code="e">Karmelitenkloster St. Joseph, Bibliothek, Alter Kornmarkt 7, 93047 Regensburg, Germany</subfield>
            <subfield code="u">http://www.karmelitenkloster-stjoseph.de/</subfield>
         </datafield>
      </record>