
      <record>
         <leader>00000nz  a2200169   4500</leader>
         <controlfield tag="001">30004167</controlfield>
         <controlfield tag="003">RISM</controlfield>
         <controlfield tag="005">20160216</controlfield>
         <controlfield tag="008">160216n||az|||||||##########||||||||||||</controlfield>
         <datafield tag="040" ind1=" " ind2=" ">
            <subfield code="a">D-Rm</subfield>
         </datafield>
         <datafield tag="043" ind1=" " ind2=" ">
            <subfield code="c">XA-DE</subfield>
         </datafield>
         <datafield tag="110" ind1="2" ind2=" ">
            <subfield code="a">Stadtbücherei, Musikbibliothek</subfield>
            <subfield code="c">Regensburg</subfield>
            <subfield code="g">D-Rm</subfield>
         </datafield>
         <datafield tag="622" ind1=" " ind2=" ">
            <subfield code="e">Stadtbücherei, Musikbibliothek, Thon-Dittmer-Palais, Haidplatz 8, 93047 Regensburg, Germany</subfield>
            <subfield code="u">http://www.regensburg.de/stadtbuecherei</subfield>
         </datafield>
      </record>