
      <record>
         <leader>00000nz  a2200169   4500</leader>
         <controlfield tag="001">30001261</controlfield>
         <controlfield tag="003">RISM</controlfield>
         <controlfield tag="005">20160216</controlfield>
         <controlfield tag="008">160216n||az|||||||##########||||||||||||</controlfield>
         <datafield tag="040" ind1=" " ind2=" ">
            <subfield code="a">D-RÖ</subfield>
         </datafield>
         <datafield tag="043" ind1=" " ind2=" ">
            <subfield code="c">XA-DE</subfield>
         </datafield>
         <datafield tag="110" ind1="2" ind2=" ">
            <subfield code="a">Evangelisch-Lutherische St.-Bartholomäus-Kirchgemeinde, Pfarrbibliothek</subfield>
            <subfield code="c">Röhrsdorf (Klipphausen)</subfield>
            <subfield code="g">D-RÖ</subfield>
         </datafield>
         <datafield tag="622" ind1=" " ind2=" ">
            <subfield code="e">Evangelisch-Lutherische,  St.-Bartholomäus-Kirchgemeinde,,  Pfarrbibliothek, Kirchberg 5, 01665 Röhrsdorf (Klipphausen), Germany</subfield>
            <subfield code="u">http://www.kirchgemeinde-roehrsdorf.de/start/</subfield>
         </datafield>
      </record>