
      <record>
         <leader>00000nz  a2200169   4500</leader>
         <controlfield tag="001">30002818</controlfield>
         <controlfield tag="003">RISM</controlfield>
         <controlfield tag="005">20160216</controlfield>
         <controlfield tag="008">160216n||az|||||||##########||||||||||||</controlfield>
         <datafield tag="040" ind1=" " ind2=" ">
            <subfield code="a">D-ROC</subfield>
         </datafield>
         <datafield tag="043" ind1=" " ind2=" ">
            <subfield code="c">XA-DE</subfield>
         </datafield>
         <datafield tag="110" ind1="2" ind2=" ">
            <subfield code="a">Schloss Rochlitz</subfield>
            <subfield code="c">Rochlitz</subfield>
            <subfield code="g">D-ROC</subfield>
         </datafield>
         <datafield tag="410" ind1="2" ind2=" ">
            <subfield code="a">Staatlicher Schlossbetrieb</subfield>
         </datafield>
         <datafield tag="410" ind1="2" ind2=" ">
            <subfield code="a">Heimatmuseum</subfield>
         </datafield>
         <datafield tag="622" ind1=" " ind2=" ">
            <subfield code="e">Schloss Rochlitz, Sörnziger Weg 1, 09306 Rochlitz, Germany</subfield>
            <subfield code="u">http://www.schloss-rochlitz.de/de/startseite/</subfield>
         </datafield>
      </record>