
      <record>
         <leader>00000nz  a2200169   4500</leader>
         <controlfield tag="001">30078852</controlfield>
         <controlfield tag="003">RISM</controlfield>
         <controlfield tag="005">20160216</controlfield>
         <controlfield tag="008">160216n||az|||||||##########||||||||||||</controlfield>
         <datafield tag="040" ind1=" " ind2=" ">
            <subfield code="a">D-ROhmt</subfield>
         </datafield>
         <datafield tag="043" ind1=" " ind2=" ">
            <subfield code="c">XA-DE</subfield>
         </datafield>
         <datafield tag="110" ind1="2" ind2=" ">
            <subfield code="a">Hochschule für Musik und Theater Rostock, Bibliothek</subfield>
            <subfield code="c">Rostock</subfield>
            <subfield code="g">D-ROhmt</subfield>
         </datafield>
         <datafield tag="622" ind1=" " ind2=" ">
            <subfield code="e">Hochschule für Musik und Theater,  Rostock, Bibliothek, Beim St.-Katharinenstift 8, 18055 Rostock, Germany</subfield>
            <subfield code="u">http://www.hmt-rostock.de/hochschule/bibliothek.html</subfield>
         </datafield>
      </record>