
      <record>
         <leader>00000nz  a2200169   4500</leader>
         <controlfield tag="001">30002939</controlfield>
         <controlfield tag="003">RISM</controlfield>
         <controlfield tag="005">20160216</controlfield>
         <controlfield tag="008">160216n||az|||||||##########||||||||||||</controlfield>
         <datafield tag="040" ind1=" " ind2=" ">
            <subfield code="a">D-ROL</subfield>
         </datafield>
         <datafield tag="043" ind1=" " ind2=" ">
            <subfield code="c">XA-DE</subfield>
         </datafield>
         <datafield tag="110" ind1="2" ind2=" ">
            <subfield code="a">Archiv der Kirchengemeinde Roßla und des Kirchenkreises Stolberg</subfield>
            <subfield code="c">Roßla (Südharz)</subfield>
            <subfield code="g">D-ROL</subfield>
         </datafield>
         <datafield tag="622" ind1=" " ind2=" ">
            <subfield code="e">Archiv der Kirchengemeinde Roßla und des,  Kirchenkreises Stolberg, Wilhelmstr. 50, 06536 Roßla (Südharz), Germany</subfield>
            <subfield code="u">http://goo.gl/4vnx9H</subfield>
         </datafield>
      </record>