
      <record>
         <leader>00000nz  a2200169   4500</leader>
         <controlfield tag="001">30000978</controlfield>
         <controlfield tag="003">RISM</controlfield>
         <controlfield tag="005">20160216</controlfield>
         <controlfield tag="008">160216n||az|||||||##########||||||||||||</controlfield>
         <datafield tag="040" ind1=" " ind2=" ">
            <subfield code="a">D-ROT</subfield>
         </datafield>
         <datafield tag="043" ind1=" " ind2=" ">
            <subfield code="c">XA-DE</subfield>
         </datafield>
         <datafield tag="110" ind1="2" ind2=" ">
            <subfield code="a">Predigerseminar Rotenburg, Bibliothek</subfield>
            <subfield code="c">Rotenburg an der Wümme</subfield>
            <subfield code="g">D-ROT</subfield>
         </datafield>
         <datafield tag="580" ind1=" " ind2=" ">
            <subfield code="x">D-STs</subfield>
            <subfield code="0">30076593</subfield>
         </datafield>
      </record>