
      <record>
         <leader>00000nz  a2200169   4500</leader>
         <controlfield tag="001">30000979</controlfield>
         <controlfield tag="003">RISM</controlfield>
         <controlfield tag="005">20160216</controlfield>
         <controlfield tag="008">160216n||az|||||||##########||||||||||||</controlfield>
         <datafield tag="040" ind1=" " ind2=" ">
            <subfield code="a">D-ROTTd</subfield>
         </datafield>
         <datafield tag="043" ind1=" " ind2=" ">
            <subfield code="c">XA-DE</subfield>
         </datafield>
         <datafield tag="110" ind1="2" ind2=" ">
            <subfield code="a">Diözesanbibliothek</subfield>
            <subfield code="c">Rottenburg am Neckar</subfield>
            <subfield code="g">D-ROTTd</subfield>
         </datafield>
         <datafield tag="410" ind1="2" ind2=" ">
            <subfield code="a">Bischöfliches Priesterseminar</subfield>
         </datafield>
         <datafield tag="622" ind1=" " ind2=" ">
            <subfield code="e">Diözesanbibliothek, Karmeliterstraße 9, 72108 Rottenburg am Neckar, Germany</subfield>
            <subfield code="u">http://www.rottenburg.de/sixcms/detail.php?id=51199&amp;lnav=10602</subfield>
         </datafield>
      </record>