
      <record>
         <leader>00000nz  a2200169   4500</leader>
         <controlfield tag="001">30000062</controlfield>
         <controlfield tag="003">RISM</controlfield>
         <controlfield tag="005">20160216</controlfield>
         <controlfield tag="008">160216n||az|||||||##########||||||||||||</controlfield>
         <datafield tag="040" ind1=" " ind2=" ">
            <subfield code="a">D-ROu</subfield>
         </datafield>
         <datafield tag="043" ind1=" " ind2=" ">
            <subfield code="c">XA-DE</subfield>
         </datafield>
         <datafield tag="110" ind1="2" ind2=" ">
            <subfield code="a">Universität Rostock, Universitätsbibliothek: Abt. Sondersammlungen, Musikalien</subfield>
            <subfield code="c">Rostock</subfield>
            <subfield code="g">D-ROu</subfield>
         </datafield>
         <datafield tag="410" ind1="2" ind2=" ">
            <subfield code="a">Wilhelm-Pieck-Universität, Universitätsbibliothek, Fachgebiet Musik</subfield>
         </datafield>
         <datafield tag="622" ind1=" " ind2=" ">
            <subfield code="e">Universität Rostock,,  Universitätsbibliothek: Abt.,  Sondersammlungen, Musikalien, (Michaeliskloster), Altbettelmönchstr. 4, 18055 Rostock, Germany</subfield>
            <subfield code="u">http://www.ub.uni-rostock.de/ub/xAboutUs/collections_xde.shtml</subfield>
         </datafield>
      </record>