
      <record>
         <leader>00000nz  a2200169   4500</leader>
         <controlfield tag="001">30000970</controlfield>
         <controlfield tag="003">RISM</controlfield>
         <controlfield tag="005">20160216</controlfield>
         <controlfield tag="008">160216n||az|||||||##########||||||||||||</controlfield>
         <datafield tag="040" ind1=" " ind2=" ">
            <subfield code="a">D-Rp</subfield>
         </datafield>
         <datafield tag="043" ind1=" " ind2=" ">
            <subfield code="c">XA-DE</subfield>
         </datafield>
         <datafield tag="110" ind1="2" ind2=" ">
            <subfield code="a">Bischöfliche Zentralbibliothek, Proskesche Musikabteilung</subfield>
            <subfield code="c">Regensburg</subfield>
            <subfield code="g">D-Rp</subfield>
         </datafield>
         <datafield tag="622" ind1=" " ind2=" ">
            <subfield code="e">Bischöfliche Zentralbibliothek,,  Proskesche Musikabteilung, St. Petersweg 11-13, 93047 Regensburg, Germany</subfield>
            <subfield code="u">http://goo.gl/3C2r0Y</subfield>
         </datafield>
      </record>