
      <record>
         <leader>00000nz  a2200169   4500</leader>
         <controlfield tag="001">30077758</controlfield>
         <controlfield tag="003">RISM</controlfield>
         <controlfield tag="005">20160216</controlfield>
         <controlfield tag="008">160216n||az|||||||##########||||||||||||</controlfield>
         <datafield tag="040" ind1=" " ind2=" ">
            <subfield code="a">D-RRep</subfield>
         </datafield>
         <datafield tag="043" ind1=" " ind2=" ">
            <subfield code="c">XA-DE</subfield>
         </datafield>
         <datafield tag="110" ind1="2" ind2=" ">
            <subfield code="a">Evangelisches Pfarramt</subfield>
            <subfield code="c">Romrod</subfield>
            <subfield code="g">D-RRep</subfield>
         </datafield>
         <datafield tag="622" ind1=" " ind2=" ">
            <subfield code="e">Evangelisches Pfarramt, Lutherstr. 4, 36329 Romrod, Germany</subfield>
            <subfield code="u">http://www.alsfeld-evangelisch.de/gemeinden/a-z/romrod/index-a-490.html</subfield>
         </datafield>
      </record>