
      <record>
         <leader>00000nz  a2200169   4500</leader>
         <controlfield tag="001">30000972</controlfield>
         <controlfield tag="003">RISM</controlfield>
         <controlfield tag="005">20160216</controlfield>
         <controlfield tag="008">160216n||az|||||||##########||||||||||||</controlfield>
         <datafield tag="040" ind1=" " ind2=" ">
            <subfield code="a">D-Rs</subfield>
         </datafield>
         <datafield tag="043" ind1=" " ind2=" ">
            <subfield code="c">XA-DE</subfield>
         </datafield>
         <datafield tag="110" ind1="2" ind2=" ">
            <subfield code="a">Staatliche Bibliothek</subfield>
            <subfield code="c">Regensburg</subfield>
            <subfield code="g">D-Rs</subfield>
         </datafield>
         <datafield tag="410" ind1="2" ind2=" ">
            <subfield code="a">Kreisbibliothek</subfield>
         </datafield>
         <datafield tag="622" ind1=" " ind2=" ">
            <subfield code="e">Staatliche Bibliothek, Gesandtenstraße 13, 93047 Regensburg, Germany</subfield>
            <subfield code="u">http://www.staatliche-bibliothek-regensburg.de/index.php?id=50</subfield>
         </datafield>
      </record>