
      <record>
         <leader>00000nz  a2200169   4500</leader>
         <controlfield tag="001">30000981</controlfield>
         <controlfield tag="003">RISM</controlfield>
         <controlfield tag="005">20160216</controlfield>
         <controlfield tag="008">160216n||az|||||||##########||||||||||||</controlfield>
         <datafield tag="040" ind1=" " ind2=" ">
            <subfield code="a">D-RT</subfield>
         </datafield>
         <datafield tag="043" ind1=" " ind2=" ">
            <subfield code="c">XA-DE</subfield>
         </datafield>
         <datafield tag="110" ind1="2" ind2=" ">
            <subfield code="a">Historische Bibliothek im Ludwig-Wilhelm-Gymnasium</subfield>
            <subfield code="c">Rastatt</subfield>
            <subfield code="g">D-RT</subfield>
         </datafield>
         <datafield tag="410" ind1="2" ind2=" ">
            <subfield code="a">Großherzogliches Lyzeum</subfield>
         </datafield>
         <datafield tag="622" ind1=" " ind2=" ">
            <subfield code="e">Historische Bibliothek im,  Ludwig-Wilhelm-Gymnasium, Lyzeumstraße 11, 76437 Rastatt, Germany</subfield>
            <subfield code="u">http://www.rastatt.de/index.php?id=259</subfield>
         </datafield>
      </record>