
      <record>
         <leader>00000nz  a2200169   4500</leader>
         <controlfield tag="001">30000217</controlfield>
         <controlfield tag="003">RISM</controlfield>
         <controlfield tag="005">20160216</controlfield>
         <controlfield tag="008">160216n||az|||||||##########||||||||||||</controlfield>
         <datafield tag="040" ind1=" " ind2=" ">
            <subfield code="a">D-Rtt</subfield>
         </datafield>
         <datafield tag="043" ind1=" " ind2=" ">
            <subfield code="c">XA-DE</subfield>
         </datafield>
         <datafield tag="110" ind1="2" ind2=" ">
            <subfield code="a">Fürst Thurn und Taxis Hofbibliothek und Zentralbibliothek</subfield>
            <subfield code="c">Regensburg</subfield>
            <subfield code="g">D-Rtt</subfield>
         </datafield>
         <datafield tag="622" ind1=" " ind2=" ">
            <subfield code="e">Fürst Thurn und Taxis Hofbibliothek und, Zentralbibliothek, Schloss, Emmeramsplatz 5, 93047 Regensburg, Germany</subfield>
            <subfield code="u">http://www.bibliothek.uni-regensburg.de/bestaende/hofbibliothek/index.html</subfield>
         </datafield>
      </record>