
      <record>
         <leader>00000nz  a2200169   4500</leader>
         <controlfield tag="001">30000982</controlfield>
         <controlfield tag="003">RISM</controlfield>
         <controlfield tag="005">20160216</controlfield>
         <controlfield tag="008">160216n||az|||||||##########||||||||||||</controlfield>
         <datafield tag="040" ind1=" " ind2=" ">
            <subfield code="a">D-RÜ</subfield>
         </datafield>
         <datafield tag="043" ind1=" " ind2=" ">
            <subfield code="c">XA-DE</subfield>
         </datafield>
         <datafield tag="110" ind1="2" ind2=" ">
            <subfield code="a">Fürst Castell-Rüdenhausen, Bibliothek</subfield>
            <subfield code="c">Rüdenhausen</subfield>
            <subfield code="g">D-RÜ</subfield>
         </datafield>
         <datafield tag="622" ind1=" " ind2=" ">
            <subfield code="e">Fürst Castell-Rüdenhausen, Bibliothek, Schlossstraße 10, 97355 Rüdenhausen, Germany</subfield>
         </datafield>
      </record>