
      <record>
         <leader>00000nz  a2200169   4500</leader>
         <controlfield tag="001">30003812</controlfield>
         <controlfield tag="003">RISM</controlfield>
         <controlfield tag="005">20160216</controlfield>
         <controlfield tag="008">160216n||az|||||||##########||||||||||||</controlfield>
         <datafield tag="040" ind1=" " ind2=" ">
            <subfield code="a">D-RUDp</subfield>
         </datafield>
         <datafield tag="043" ind1=" " ind2=" ">
            <subfield code="c">XA-DE</subfield>
         </datafield>
         <datafield tag="110" ind1="2" ind2=" ">
            <subfield code="a">Pfarrkirche St. Nikolaus, Pfarrarchiv</subfield>
            <subfield code="c">Rudersdorf (Thüringen)</subfield>
            <subfield code="g">D-RUDp</subfield>
         </datafield>
         <datafield tag="622" ind1=" " ind2=" ">
            <subfield code="e">Pfarrkirche St. Nikolaus, Pfarrarchiv, 99628 Rudersdorf (Thüringen), Germany</subfield>
         </datafield>
      </record>