
      <record>
         <leader>00000nz  a2200169   4500</leader>
         <controlfield tag="001">30003840</controlfield>
         <controlfield tag="003">RISM</controlfield>
         <controlfield tag="005">20160216</controlfield>
         <controlfield tag="008">160216n||az|||||||##########||||||||||||</controlfield>
         <datafield tag="040" ind1=" " ind2=" ">
            <subfield code="a">D-RUh</subfield>
         </datafield>
         <datafield tag="043" ind1=" " ind2=" ">
            <subfield code="c">XA-DE</subfield>
         </datafield>
         <datafield tag="110" ind1="2" ind2=" ">
            <subfield code="a">Hofkapellarchiv</subfield>
            <subfield code="c">Rudolstadt</subfield>
            <subfield code="g">D-RUh</subfield>
         </datafield>
         <datafield tag="580" ind1=" " ind2=" ">
            <subfield code="x">D-RUl</subfield>
            <subfield code="0">30000063</subfield>
         </datafield>
      </record>