
      <record>
         <leader>00000nz  a2200169   4500</leader>
         <controlfield tag="001">30080616</controlfield>
         <controlfield tag="003">RISM</controlfield>
         <controlfield tag="005">20160216</controlfield>
         <controlfield tag="008">160216n||az|||||||##########||||||||||||</controlfield>
         <datafield tag="040" ind1=" " ind2=" ">
            <subfield code="a">D-RUhb</subfield>
         </datafield>
         <datafield tag="043" ind1=" " ind2=" ">
            <subfield code="c">XA-DE</subfield>
         </datafield>
         <datafield tag="110" ind1="2" ind2=" ">
            <subfield code="a">Historische Bibliothek der Stadt Rudolstadt</subfield>
            <subfield code="c">Rudolstadt</subfield>
            <subfield code="g">D-RUhb</subfield>
         </datafield>
         <datafield tag="622" ind1=" " ind2=" ">
            <subfield code="e">Historische Bibliothek der Stadt,  Rudolstadt, Altes Rathaus, Stiftsgasse 2, 07407 Rudolstadt, Germany</subfield>
            <subfield code="u">http://historische-bibliothek.rudolstadt.de/cms/website.php</subfield>
         </datafield>
      </record>