
      <record>
         <leader>00000nz  a2200169   4500</leader>
         <controlfield tag="001">30001265</controlfield>
         <controlfield tag="003">RISM</controlfield>
         <controlfield tag="005">20160216</controlfield>
         <controlfield tag="008">160216n||az|||||||##########||||||||||||</controlfield>
         <datafield tag="040" ind1=" " ind2=" ">
            <subfield code="a">D-RUkb</subfield>
         </datafield>
         <datafield tag="043" ind1=" " ind2=" ">
            <subfield code="c">XA-DE</subfield>
         </datafield>
         <datafield tag="110" ind1="2" ind2=" ">
            <subfield code="a">Stadtbibliothek</subfield>
            <subfield code="c">Rudolstadt</subfield>
            <subfield code="g">D-RUkb</subfield>
         </datafield>
         <datafield tag="410" ind1="2" ind2=" ">
            <subfield code="a">Kreisbibliothek, Regional-historische Abteilung</subfield>
         </datafield>
         <datafield tag="410" ind1="2" ind2=" ">
            <subfield code="a">Stadt- und Kreisbibliothek</subfield>
         </datafield>
         <datafield tag="622" ind1=" " ind2=" ">
            <subfield code="e">Stadtbibliothek, Schulplatz 13, 07407 Rudolstadt, Germany</subfield>
            <subfield code="u">http://www.stadtbibliothek-rudolstadt.de/cms/website.php?id=/de/index/start.htm</subfield>
         </datafield>
      </record>