
      <record>
         <leader>00000nz  a2200169   4500</leader>
         <controlfield tag="001">30000063</controlfield>
         <controlfield tag="003">RISM</controlfield>
         <controlfield tag="005">20160216</controlfield>
         <controlfield tag="008">160216n||az|||||||##########||||||||||||</controlfield>
         <datafield tag="040" ind1=" " ind2=" ">
            <subfield code="a">D-RUl</subfield>
         </datafield>
         <datafield tag="043" ind1=" " ind2=" ">
            <subfield code="c">XA-DE</subfield>
         </datafield>
         <datafield tag="110" ind1="2" ind2=" ">
            <subfield code="a">Thüringisches Staatsarchiv</subfield>
            <subfield code="c">Rudolstadt</subfield>
            <subfield code="g">D-RUl</subfield>
         </datafield>
         <datafield tag="410" ind1="2" ind2=" ">
            <subfield code="a">Landesarchiv</subfield>
         </datafield>
         <datafield tag="410" ind1="2" ind2=" ">
            <subfield code="a">Landeshauptarchiv mit Archiv der Hofkapelle</subfield>
         </datafield>
         <datafield tag="622" ind1=" " ind2=" ">
            <subfield code="e">Thüringisches Staatsarchiv, Schloss Heidecksburg, 07407 Rudolstadt, Germany</subfield>
            <subfield code="u">http://www.thueringen.de/th1/tsk/kultur/staatsarchive/standorte/rudolstadt/</subfield>
         </datafield>
      </record>