
      <record>
         <leader>00000nz  a2200169   4500</leader>
         <controlfield tag="001">30001266</controlfield>
         <controlfield tag="003">RISM</controlfield>
         <controlfield tag="005">20160216</controlfield>
         <controlfield tag="008">160216n||az|||||||##########||||||||||||</controlfield>
         <datafield tag="040" ind1=" " ind2=" ">
            <subfield code="a">D-RUmh</subfield>
         </datafield>
         <datafield tag="043" ind1=" " ind2=" ">
            <subfield code="c">XA-DE</subfield>
         </datafield>
         <datafield tag="110" ind1="2" ind2=" ">
            <subfield code="a">Thüringer Landesmuseum Heidecksburg, Schlossbibliothek</subfield>
            <subfield code="c">Rudolstadt</subfield>
            <subfield code="g">D-RUmh</subfield>
         </datafield>
         <datafield tag="410" ind1="2" ind2=" ">
            <subfield code="a">Staatliche Museen Heidecksburg, Bibliothek</subfield>
         </datafield>
         <datafield tag="622" ind1=" " ind2=" ">
            <subfield code="e">Thüringer Landesmuseum Heidecksburg,,  Schlossbibliothek, Schloss Heidecksburg, Schlossbezirk 1, 07407 Rudolstadt, Germany</subfield>
            <subfield code="u">http://www.heidecksburg.de/cms/pages/de/startseite.php</subfield>
         </datafield>
      </record>