
      <record>
         <leader>00000nz  a2200169   4500</leader>
         <controlfield tag="001">30080591</controlfield>
         <controlfield tag="003">RISM</controlfield>
         <controlfield tag="005">20160216</controlfield>
         <controlfield tag="008">160216n||az|||||||##########||||||||||||</controlfield>
         <datafield tag="040" ind1=" " ind2=" ">
            <subfield code="a">D-SAAhfm</subfield>
         </datafield>
         <datafield tag="043" ind1=" " ind2=" ">
            <subfield code="c">XA-DE</subfield>
         </datafield>
         <datafield tag="110" ind1="2" ind2=" ">
            <subfield code="a">Hochschule für Musik Saar (HFM), Hochschulbibliothek</subfield>
            <subfield code="c">Saarbrücken</subfield>
            <subfield code="g">D-SAAhfm</subfield>
         </datafield>
         <datafield tag="622" ind1=" " ind2=" ">
            <subfield code="e">Hochschule für Musik Saar (HFM),,  Hochschulbibliothek, Bismarckstraße 1, 66111 Saarbrücken, Germany</subfield>
            <subfield code="u">http://www.hfm.saarland.de/</subfield>
         </datafield>
      </record>