
      <record>
         <leader>00000nz  a2200169   4500</leader>
         <controlfield tag="001">30004169</controlfield>
         <controlfield tag="003">RISM</controlfield>
         <controlfield tag="005">20160216</controlfield>
         <controlfield tag="008">160216n||az|||||||##########||||||||||||</controlfield>
         <datafield tag="040" ind1=" " ind2=" ">
            <subfield code="a">D-SAAm</subfield>
         </datafield>
         <datafield tag="043" ind1=" " ind2=" ">
            <subfield code="c">XA-DE</subfield>
         </datafield>
         <datafield tag="110" ind1="2" ind2=" ">
            <subfield code="a">Öffentliche Musikbücherei des Saarlandes</subfield>
            <subfield code="c">Saarbrücken</subfield>
            <subfield code="g">D-SAAm</subfield>
         </datafield>
         <datafield tag="580" ind1=" " ind2=" ">
            <subfield code="x">D-SAAhfm</subfield>
            <subfield code="0">30080591</subfield>
         </datafield>
      </record>