
      <record>
         <leader>00000nz  a2200169   4500</leader>
         <controlfield tag="001">30000986</controlfield>
         <controlfield tag="003">RISM</controlfield>
         <controlfield tag="005">20160216</controlfield>
         <controlfield tag="008">160216n||az|||||||##########||||||||||||</controlfield>
         <datafield tag="040" ind1=" " ind2=" ">
            <subfield code="a">D-SAAmi</subfield>
         </datafield>
         <datafield tag="043" ind1=" " ind2=" ">
            <subfield code="c">XA-DE</subfield>
         </datafield>
         <datafield tag="110" ind1="2" ind2=" ">
            <subfield code="a">Institut für Musikwissenschaft der Universität des Saarlandes, Institutsbibliothek</subfield>
            <subfield code="c">Saarbrücken</subfield>
            <subfield code="g">D-SAAmi</subfield>
         </datafield>
         <datafield tag="622" ind1=" " ind2=" ">
            <subfield code="e">Institut für Musikwissenschaft der,  Universität des Saarlandes,,  Institutsbibliothek, Campus, Gebäude C5 2, Erdgeschoss, 66123 Saarbrücken, Germany</subfield>
            <subfield code="u">http://www.uni-saarland.de/fachrichtung/musikwissenschaft.html</subfield>
         </datafield>
      </record>