
      <record>
         <leader>00000nz  a2200169   4500</leader>
         <controlfield tag="001">30079253</controlfield>
         <controlfield tag="003">RISM</controlfield>
         <controlfield tag="005">20160216</controlfield>
         <controlfield tag="008">160216n||az|||||||##########||||||||||||</controlfield>
         <datafield tag="040" ind1=" " ind2=" ">
            <subfield code="a">D-SAAsm</subfield>
         </datafield>
         <datafield tag="043" ind1=" " ind2=" ">
            <subfield code="c">XA-DE</subfield>
         </datafield>
         <datafield tag="110" ind1="2" ind2=" ">
            <subfield code="a">Saarlandmuseum</subfield>
            <subfield code="c">Saarbrücken</subfield>
            <subfield code="g">D-SAAsm</subfield>
         </datafield>
         <datafield tag="622" ind1=" " ind2=" ">
            <subfield code="e">Saarlandmuseum, Am Schlossplatz 16, 66119 Saarbrücken, Germany</subfield>
            <subfield code="u">http://www.kulturbesitz.de/museen.html</subfield>
         </datafield>
      </record>