
      <record>
         <leader>00000nz  a2200169   4500</leader>
         <controlfield tag="001">30000987</controlfield>
         <controlfield tag="003">RISM</controlfield>
         <controlfield tag="005">20160216</controlfield>
         <controlfield tag="008">160216n||az|||||||##########||||||||||||</controlfield>
         <datafield tag="040" ind1=" " ind2=" ">
            <subfield code="a">D-SAAu</subfield>
         </datafield>
         <datafield tag="043" ind1=" " ind2=" ">
            <subfield code="c">XA-DE</subfield>
         </datafield>
         <datafield tag="110" ind1="2" ind2=" ">
            <subfield code="a">Saarländische Universitäts- und Landesbibliothek</subfield>
            <subfield code="c">Saarbrücken</subfield>
            <subfield code="g">D-SAAu</subfield>
         </datafield>
         <datafield tag="622" ind1=" " ind2=" ">
            <subfield code="e">Saarländische Universitäts- und,  Landesbibliothek, Campus B1 1, 66123 Saarbrücken, Germany</subfield>
            <subfield code="u">http://www.sulb.uni-saarland.de/</subfield>
         </datafield>
      </record>