
      <record>
         <leader>00000nz  a2200169   4500</leader>
         <controlfield tag="001">30002942</controlfield>
         <controlfield tag="003">RISM</controlfield>
         <controlfield tag="005">20160216</controlfield>
         <controlfield tag="008">160216n||az|||||||##########||||||||||||</controlfield>
         <datafield tag="040" ind1=" " ind2=" ">
            <subfield code="a">D-SAB</subfield>
         </datafield>
         <datafield tag="043" ind1=" " ind2=" ">
            <subfield code="c">XA-DE</subfield>
         </datafield>
         <datafield tag="110" ind1="2" ind2=" ">
            <subfield code="a">Evangelisch-Lutherisches Pfarramt, Archiv</subfield>
            <subfield code="c">Saalburg-Ebersdorf</subfield>
            <subfield code="g">D-SAB</subfield>
         </datafield>
         <datafield tag="622" ind1=" " ind2=" ">
            <subfield code="e">Evangelisch-Lutherisches Pfarramt,,  Archiv, 07929 Saalburg-Ebersdorf, Germany</subfield>
         </datafield>
      </record>