
      <record>
         <leader>00000nz  a2200169   4500</leader>
         <controlfield tag="001">30000169</controlfield>
         <controlfield tag="003">RISM</controlfield>
         <controlfield tag="005">20160216</controlfield>
         <controlfield tag="008">160216n||az|||||||##########||||||||||||</controlfield>
         <datafield tag="040" ind1=" " ind2=" ">
            <subfield code="a">D-SAh</subfield>
         </datafield>
         <datafield tag="043" ind1=" " ind2=" ">
            <subfield code="c">XA-DE</subfield>
         </datafield>
         <datafield tag="110" ind1="2" ind2=" ">
            <subfield code="a">Stadtmuseum Saalfeld im Franziskanerkloster</subfield>
            <subfield code="c">Saalfeld/Saale</subfield>
            <subfield code="g">D-SAh</subfield>
         </datafield>
         <datafield tag="410" ind1="2" ind2=" ">
            <subfield code="a">Thüringer Heimatmuseum, Bibliothek</subfield>
         </datafield>
         <datafield tag="622" ind1=" " ind2=" ">
            <subfield code="e">Stadtmuseum Saalfeld im,  Franziskanerkloster, Münzplatz 5, 07318 Saalfeld/Saale, Germany</subfield>
            <subfield code="u">http://www.museumimkloster.de</subfield>
         </datafield>
      </record>