
      <record>
         <leader>00000nz  a2200169   4500</leader>
         <controlfield tag="001">30006113</controlfield>
         <controlfield tag="003">RISM</controlfield>
         <controlfield tag="005">20160216</controlfield>
         <controlfield tag="008">160216n||az|||||||##########||||||||||||</controlfield>
         <datafield tag="040" ind1=" " ind2=" ">
            <subfield code="a">D-SAHr</subfield>
         </datafield>
         <datafield tag="043" ind1=" " ind2=" ">
            <subfield code="c">XA-DE</subfield>
         </datafield>
         <datafield tag="110" ind1="2" ind2=" ">
            <subfield code="a">Rudorff-Archiv</subfield>
            <subfield code="c">Salzhemmendorf-Lauenstein</subfield>
            <subfield code="g">D-SAHr</subfield>
         </datafield>
         <datafield tag="410" ind1="2" ind2=" ">
            <subfield code="a">Knabenburg (Lauenstein)</subfield>
         </datafield>
         <datafield tag="622" ind1=" " ind2=" ">
            <subfield code="e">Rudorff-Archiv, c/o Hans von Gottberg, Im Flecken 48, 31020 Salzhemmendorf-Lauenstein, Germany</subfield>
         </datafield>
      </record>