
      <record>
         <leader>00000nz  a2200169   4500</leader>
         <controlfield tag="001">30002940</controlfield>
         <controlfield tag="003">RISM</controlfield>
         <controlfield tag="005">20160216</controlfield>
         <controlfield tag="008">160216n||az|||||||##########||||||||||||</controlfield>
         <datafield tag="040" ind1=" " ind2=" ">
            <subfield code="a">D-SAp</subfield>
         </datafield>
         <datafield tag="043" ind1=" " ind2=" ">
            <subfield code="c">XA-DE</subfield>
         </datafield>
         <datafield tag="110" ind1="2" ind2=" ">
            <subfield code="a">Evangelische Kirchengemeinde der Gertrudiskirche Graba, Pfarrarchiv</subfield>
            <subfield code="c">Saalfeld/Saale</subfield>
            <subfield code="g">D-SAp</subfield>
         </datafield>
         <datafield tag="622" ind1=" " ind2=" ">
            <subfield code="e">Evangelische Kirchengemeinde der,  Gertrudiskirche Graba, Pfarrarchiv, Pfarramt Saalfeld-Graba-Unterwellenborn, An der Gertrudiskirche 2, 07318 Saalfeld/Saale, Germany</subfield>
            <subfield code="u">http://www.ekmd.de/kirche/kirchenkreise/1978.html?expanded=2471#2471</subfield>
         </datafield>
      </record>