
      <record>
         <leader>00000nz  a2200169   4500</leader>
         <controlfield tag="001">30002941</controlfield>
         <controlfield tag="003">RISM</controlfield>
         <controlfield tag="005">20160216</controlfield>
         <controlfield tag="008">160216n||az|||||||##########||||||||||||</controlfield>
         <datafield tag="040" ind1=" " ind2=" ">
            <subfield code="a">D-SAs</subfield>
         </datafield>
         <datafield tag="043" ind1=" " ind2=" ">
            <subfield code="c">XA-DE</subfield>
         </datafield>
         <datafield tag="110" ind1="2" ind2=" ">
            <subfield code="a">Superintendentur Rudolstadt-Saalfeld, Archiv</subfield>
            <subfield code="c">Rudolstadt</subfield>
            <subfield code="g">D-SAs</subfield>
         </datafield>
         <datafield tag="622" ind1=" " ind2=" ">
            <subfield code="e">Superintendentur Rudolstadt-Saalfeld,,  Archiv, Kirchenkreis Rudolstadt-Saalfeld, Am Gatter 2, 07407 Rudolstadt, Germany</subfield>
            <subfield code="u">http://www.kirchenkreis-rudolstadt-saalfeld.de/</subfield>
         </datafield>
      </record>