
      <record>
         <leader>00000nz  a2200169   4500</leader>
         <controlfield tag="001">30001268</controlfield>
         <controlfield tag="003">RISM</controlfield>
         <controlfield tag="005">20160216</controlfield>
         <controlfield tag="008">160216n||az|||||||##########||||||||||||</controlfield>
         <datafield tag="040" ind1=" " ind2=" ">
            <subfield code="a">D-SAschönheit</subfield>
         </datafield>
         <datafield tag="043" ind1=" " ind2=" ">
            <subfield code="c">XA-DE</subfield>
         </datafield>
         <datafield tag="110" ind1="2" ind2=" ">
            <subfield code="a">Privatbibliothek KMD Schönheit</subfield>
            <subfield code="c">Saalfeld/Saale</subfield>
            <subfield code="g">D-SAschönheit</subfield>
         </datafield>
         <datafield tag="622" ind1=" " ind2=" ">
            <subfield code="e">Privatbibliothek KMD Schönheit, Kirchplatz 2, 07318 Saalfeld/Saale, Germany</subfield>
         </datafield>
      </record>