
      <record>
         <leader>00000nz  a2200169   4500</leader>
         <controlfield tag="001">30006120</controlfield>
         <controlfield tag="003">RISM</controlfield>
         <controlfield tag="005">20160216</controlfield>
         <controlfield tag="008">160216n||az|||||||##########||||||||||||</controlfield>
         <datafield tag="040" ind1=" " ind2=" ">
            <subfield code="a">D-Sba</subfield>
         </datafield>
         <datafield tag="043" ind1=" " ind2=" ">
            <subfield code="c">XA-DE</subfield>
         </datafield>
         <datafield tag="110" ind1="2" ind2=" ">
            <subfield code="a">Internationale Bachakademie, Bibliothek</subfield>
            <subfield code="c">Stuttgart</subfield>
            <subfield code="g">D-Sba</subfield>
         </datafield>
         <datafield tag="622" ind1=" " ind2=" ">
            <subfield code="e">Internationale Bachakademie, Bibliothek, Johann-Sebastian-Bach-Platz, 70178 Stuttgart, Germany</subfield>
            <subfield code="u">http://www.bachakademie.de/de/</subfield>
         </datafield>
      </record>