
      <record>
         <leader>00000nz  a2200169   4500</leader>
         <controlfield tag="001">30002821</controlfield>
         <controlfield tag="003">RISM</controlfield>
         <controlfield tag="005">20160216</controlfield>
         <controlfield tag="008">160216n||az|||||||##########||||||||||||</controlfield>
         <datafield tag="040" ind1=" " ind2=" ">
            <subfield code="a">D-SBG</subfield>
         </datafield>
         <datafield tag="043" ind1=" " ind2=" ">
            <subfield code="c">XA-DE</subfield>
         </datafield>
         <datafield tag="110" ind1="2" ind2=" ">
            <subfield code="a">Abtei Michaelsberg, Bibliothek</subfield>
            <subfield code="c">Siegburg</subfield>
            <subfield code="g">D-SBG</subfield>
         </datafield>
         <datafield tag="410" ind1="2" ind2=" ">
            <subfield code="a">Ehemalige Benediktinerabtei Michaelsberg</subfield>
         </datafield>
         <datafield tag="622" ind1=" " ind2=" ">
            <subfield code="e">Abtei Michaelsberg, Bibliothek, Bergstraße 26, 53721 Siegburg, Germany</subfield>
            <subfield code="u">http://www.abtei-michaelsberg.de/start.html</subfield>
         </datafield>
      </record>