
      <record>
         <leader>00000nz  a2200169   4500</leader>
         <controlfield tag="001">30000991</controlfield>
         <controlfield tag="003">RISM</controlfield>
         <controlfield tag="005">20160216</controlfield>
         <controlfield tag="008">160216n||az|||||||##########||||||||||||</controlfield>
         <datafield tag="040" ind1=" " ind2=" ">
            <subfield code="a">D-SBk</subfield>
         </datafield>
         <datafield tag="043" ind1=" " ind2=" ">
            <subfield code="c">XA-DE</subfield>
         </datafield>
         <datafield tag="110" ind1="2" ind2=" ">
            <subfield code="a">Karmelitenkloster, Bibliothek</subfield>
            <subfield code="c">Straubing</subfield>
            <subfield code="g">D-SBk</subfield>
         </datafield>
         <datafield tag="622" ind1=" " ind2=" ">
            <subfield code="e">Karmelitenkloster, Bibliothek, Albrechtsgasse 28, 94315 Straubing, Germany</subfield>
            <subfield code="u">http://www.karmelitenorden.de/straubing/bibliothek.html</subfield>
         </datafield>
      </record>