
      <record>
         <leader>00000nz  a2200169   4500</leader>
         <controlfield tag="001">30000996</controlfield>
         <controlfield tag="003">RISM</controlfield>
         <controlfield tag="005">20160216</controlfield>
         <controlfield tag="008">160216n||az|||||||##########||||||||||||</controlfield>
         <datafield tag="040" ind1=" " ind2=" ">
            <subfield code="a">D-SCHÄ</subfield>
         </datafield>
         <datafield tag="043" ind1=" " ind2=" ">
            <subfield code="c">XA-DE</subfield>
         </datafield>
         <datafield tag="110" ind1="2" ind2=" ">
            <subfield code="a">Abtei Schäftlarn, Bibliothek</subfield>
            <subfield code="c">Schäftlarn</subfield>
            <subfield code="g">D-SCHÄ</subfield>
         </datafield>
         <datafield tag="622" ind1=" " ind2=" ">
            <subfield code="e">Abtei Schäftlarn, Bibliothek, 82067 Schäftlarn, Germany</subfield>
            <subfield code="u">http://www.abtei-schaeftlarn.de/kloster-orden/bibliothek/</subfield>
         </datafield>
      </record>