
      <record>
         <leader>00000nz  a2200169   4500</leader>
         <controlfield tag="001">30006054</controlfield>
         <controlfield tag="003">RISM</controlfield>
         <controlfield tag="005">20160216</controlfield>
         <controlfield tag="008">160216n||az|||||||##########||||||||||||</controlfield>
         <datafield tag="040" ind1=" " ind2=" ">
            <subfield code="a">D-SCHBk</subfield>
         </datafield>
         <datafield tag="043" ind1=" " ind2=" ">
            <subfield code="c">XA-DE</subfield>
         </datafield>
         <datafield tag="110" ind1="2" ind2=" ">
            <subfield code="a">Evangelisch-Lutherische St.-Georgengemeinde, Kantoreiarchiv</subfield>
            <subfield code="c">Schwarzenberg (Erzgebirge)</subfield>
            <subfield code="g">D-SCHBk</subfield>
         </datafield>
         <datafield tag="622" ind1=" " ind2=" ">
            <subfield code="e">Evangelisch-Lutherische,  St.-Georgengemeinde, Kantoreiarchiv, Untere Schlossstr. 15, 08340 Schwarzenberg (Erzgebirge), Germany</subfield>
            <subfield code="u">http://www.st-georgen-schwarzenberg.de/index.html</subfield>
         </datafield>
      </record>