
      <record>
         <leader>00000nz  a2200169   4500</leader>
         <controlfield tag="001">30000997</controlfield>
         <controlfield tag="003">RISM</controlfield>
         <controlfield tag="005">20160216</controlfield>
         <controlfield tag="008">160216n||az|||||||##########||||||||||||</controlfield>
         <datafield tag="040" ind1=" " ind2=" ">
            <subfield code="a">D-SCHEY</subfield>
         </datafield>
         <datafield tag="043" ind1=" " ind2=" ">
            <subfield code="c">XA-DE</subfield>
         </datafield>
         <datafield tag="110" ind1="2" ind2=" ">
            <subfield code="a">Klosterbibliothek</subfield>
            <subfield code="c">Scheyern</subfield>
            <subfield code="g">D-SCHEY</subfield>
         </datafield>
         <datafield tag="410" ind1="2" ind2=" ">
            <subfield code="a">Benediktinerabtei, Bibliothek</subfield>
         </datafield>
         <datafield tag="622" ind1=" " ind2=" ">
            <subfield code="e">Klosterbibliothek, Schyrenplatz 1, 85298 Scheyern, Germany</subfield>
            <subfield code="u">http://www.kloster-scheyern.de/</subfield>
         </datafield>
      </record>