
      <record>
         <leader>00000nz  a2200169   4500</leader>
         <controlfield tag="001">30080220</controlfield>
         <controlfield tag="003">RISM</controlfield>
         <controlfield tag="005">20160216</controlfield>
         <controlfield tag="008">160216n||az|||||||##########||||||||||||</controlfield>
         <datafield tag="040" ind1=" " ind2=" ">
            <subfield code="a">D-SCHIFkp</subfield>
         </datafield>
         <datafield tag="043" ind1=" " ind2=" ">
            <subfield code="c">XA-DE</subfield>
         </datafield>
         <datafield tag="110" ind1="2" ind2=" ">
            <subfield code="a">Katholisches Pfarramt im Seelsorgebereich Frankenhöhe</subfield>
            <subfield code="c">Schillingsfürst</subfield>
            <subfield code="g">D-SCHIFkp</subfield>
         </datafield>
         <datafield tag="622" ind1=" " ind2=" ">
            <subfield code="e">Katholisches Pfarramt im,  Seelsorgebereich Frankenhöhe, Ehemaliges Franziskanerkloster, Anton-Roth-Weg 8, 91583 Schillingsfürst, Germany</subfield>
         </datafield>
      </record>