
      <record>
         <leader>00000nz  a2200169   4500</leader>
         <controlfield tag="001">30003744</controlfield>
         <controlfield tag="003">RISM</controlfield>
         <controlfield tag="005">20160216</controlfield>
         <controlfield tag="008">160216n||az|||||||##########||||||||||||</controlfield>
         <datafield tag="040" ind1=" " ind2=" ">
            <subfield code="a">D-SCHJp</subfield>
         </datafield>
         <datafield tag="043" ind1=" " ind2=" ">
            <subfield code="c">XA-DE</subfield>
         </datafield>
         <datafield tag="110" ind1="2" ind2=" ">
            <subfield code="a">Katholische Pfarrkirche St. Marien, Pfarrarchiv</subfield>
            <subfield code="c">Winzenhofen (Schöntal)</subfield>
            <subfield code="g">D-SCHJp</subfield>
         </datafield>
         <datafield tag="622" ind1=" " ind2=" ">
            <subfield code="e">Katholische Pfarrkirche St. Marien,,  Pfarrarchiv, 74214 Winzenhofen (Schöntal), Germany</subfield>
            <subfield code="u">http://www.kath-kras.de/html/content/winzenhofen.html</subfield>
         </datafield>
      </record>