
      <record>
         <leader>00000nz  a2200169   4500</leader>
         <controlfield tag="001">30001269</controlfield>
         <controlfield tag="003">RISM</controlfield>
         <controlfield tag="005">20160216</controlfield>
         <controlfield tag="008">160216n||az|||||||##########||||||||||||</controlfield>
         <datafield tag="040" ind1=" " ind2=" ">
            <subfield code="a">D-SCHL</subfield>
         </datafield>
         <datafield tag="043" ind1=" " ind2=" ">
            <subfield code="c">XA-DE</subfield>
         </datafield>
         <datafield tag="110" ind1="2" ind2=" ">
            <subfield code="a">Evangelische Kirchengemeinde Schlöben, Pfarrarchiv</subfield>
            <subfield code="c">Schlöben</subfield>
            <subfield code="g">D-SCHL</subfield>
         </datafield>
         <datafield tag="622" ind1=" " ind2=" ">
            <subfield code="e">Evangelische Kirchengemeinde Schlöben,,  Pfarrarchiv, c/o Pfarramt Schöngleina, Dorfstr. 6, 07646 Schöngleina, Germany</subfield>
            <subfield code="u">http://www.ekmd.de/kirche/kirchenkreise/12.html?expanded=673#673</subfield>
         </datafield>
      </record>