
      <record>
         <leader>00000nz  a2200169   4500</leader>
         <controlfield tag="001">30001270</controlfield>
         <controlfield tag="003">RISM</controlfield>
         <controlfield tag="005">20160216</controlfield>
         <controlfield tag="008">160216n||az|||||||##########||||||||||||</controlfield>
         <datafield tag="040" ind1=" " ind2=" ">
            <subfield code="a">D-SCHM</subfield>
         </datafield>
         <datafield tag="043" ind1=" " ind2=" ">
            <subfield code="c">XA-DE</subfield>
         </datafield>
         <datafield tag="110" ind1="2" ind2=" ">
            <subfield code="a">Stadtkirche St. Nicolai, Archiv</subfield>
            <subfield code="c">Schmölln</subfield>
            <subfield code="g">D-SCHM</subfield>
         </datafield>
         <datafield tag="622" ind1=" " ind2=" ">
            <subfield code="e">Stadtkirche St. Nicolai, Archiv, Stadtkirchnerei, Pfarrgasse 17, 04626 Schmölln, Germany</subfield>
            <subfield code="u">http://www.kirchspiel-schmoelln.de/index.php</subfield>
         </datafield>
      </record>