
      <record>
         <leader>00000nz  a2200169   4500</leader>
         <controlfield tag="001">30000994</controlfield>
         <controlfield tag="003">RISM</controlfield>
         <controlfield tag="005">20160216</controlfield>
         <controlfield tag="008">160216n||az|||||||##########||||||||||||</controlfield>
         <datafield tag="040" ind1=" " ind2=" ">
            <subfield code="a">D-SCHm</subfield>
         </datafield>
         <datafield tag="043" ind1=" " ind2=" ">
            <subfield code="c">XA-DE</subfield>
         </datafield>
         <datafield tag="110" ind1="2" ind2=" ">
            <subfield code="a">Evangelische Stadtpfarrkirche St. Michael, Archiv</subfield>
            <subfield code="c">Schwäbisch Hall</subfield>
            <subfield code="g">D-SCHm</subfield>
         </datafield>
         <datafield tag="622" ind1=" " ind2=" ">
            <subfield code="e">Evangelische Stadtpfarrkirche St.,  Michael, Archiv, Gemeindebüro, Mauerstraße 5, 74523 Schwäbisch Hall, Germany</subfield>
            <subfield code="u">http://www.kirchenbezirk-schwaebischhall.de/gemeinden/sha-stmichael-und-stkatharina</subfield>
         </datafield>
      </record>