
      <record>
         <leader>00000nz  a2200169   4500</leader>
         <controlfield tag="001">30001271</controlfield>
         <controlfield tag="003">RISM</controlfield>
         <controlfield tag="005">20160216</controlfield>
         <controlfield tag="008">160216n||az|||||||##########||||||||||||</controlfield>
         <datafield tag="040" ind1=" " ind2=" ">
            <subfield code="a">D-SCHMI</subfield>
         </datafield>
         <datafield tag="043" ind1=" " ind2=" ">
            <subfield code="c">XA-DE</subfield>
         </datafield>
         <datafield tag="110" ind1="2" ind2=" ">
            <subfield code="a">Evangelisch-Lutherische Kirchgemeinde, Pfarrarchiv</subfield>
            <subfield code="c">Schmiedeberg (Dippoldiswalde)</subfield>
            <subfield code="g">D-SCHMI</subfield>
         </datafield>
         <datafield tag="622" ind1=" " ind2=" ">
            <subfield code="e">Evangelisch-Lutherische Kirchgemeinde,,  Pfarrarchiv, Pfarramt, Altenberger Str. 28, 01744 Schmiedeberg (Dippoldiswalde), Germany</subfield>
            <subfield code="u">http://www.kirche-dw.de/</subfield>
         </datafield>
      </record>