
      <record>
         <leader>00000nz  a2200169   4500</leader>
         <controlfield tag="001">30003952</controlfield>
         <controlfield tag="003">RISM</controlfield>
         <controlfield tag="005">20160216</controlfield>
         <controlfield tag="008">160216n||az|||||||##########||||||||||||</controlfield>
         <datafield tag="040" ind1=" " ind2=" ">
            <subfield code="a">D-SCHNA</subfield>
         </datafield>
         <datafield tag="043" ind1=" " ind2=" ">
            <subfield code="c">XA-DE</subfield>
         </datafield>
         <datafield tag="110" ind1="2" ind2=" ">
            <subfield code="a">Silcher-Museum des Schwäbischen Chorverbandes</subfield>
            <subfield code="c">Weinstadt-Schnait</subfield>
            <subfield code="g">D-SCHNA</subfield>
         </datafield>
         <datafield tag="622" ind1=" " ind2=" ">
            <subfield code="e">Silcher-Museum des Schwäbischen,  Chorverbandes, Silcherstr. 49, 71384 Weinstadt-Schnait, Germany</subfield>
            <subfield code="u">http://www.silcher-museum.de/</subfield>
         </datafield>
      </record>