
      <record>
         <leader>00000nz  a2200169   4500</leader>
         <controlfield tag="001">30001272</controlfield>
         <controlfield tag="003">RISM</controlfield>
         <controlfield tag="005">20160216</controlfield>
         <controlfield tag="008">160216n||az|||||||##########||||||||||||</controlfield>
         <datafield tag="040" ind1=" " ind2=" ">
            <subfield code="a">D-SCHNAU</subfield>
         </datafield>
         <datafield tag="043" ind1=" " ind2=" ">
            <subfield code="c">XA-DE</subfield>
         </datafield>
         <datafield tag="110" ind1="2" ind2=" ">
            <subfield code="a">Gemeinde Leinatal, Pfarrarchiv</subfield>
            <subfield code="c">Schönau vor dem Walde (Leinatal)</subfield>
            <subfield code="g">D-SCHNAU</subfield>
         </datafield>
         <datafield tag="622" ind1=" " ind2=" ">
            <subfield code="e">Gemeinde Leinatal, Pfarrarchiv, Ortsstraße 10, 99894 Schönau vor dem Walde (Leinatal), Germany</subfield>
            <subfield code="u">http://www.gemeinde-leinatal.de/</subfield>
         </datafield>
      </record>