
      <record>
         <leader>00000nz  a2200169   4500</leader>
         <controlfield tag="001">30002943</controlfield>
         <controlfield tag="003">RISM</controlfield>
         <controlfield tag="005">20160216</controlfield>
         <controlfield tag="008">160216n||az|||||||##########||||||||||||</controlfield>
         <datafield tag="040" ind1=" " ind2=" ">
            <subfield code="a">D-SCHÖ</subfield>
         </datafield>
         <datafield tag="043" ind1=" " ind2=" ">
            <subfield code="c">XA-DE</subfield>
         </datafield>
         <datafield tag="110" ind1="2" ind2=" ">
            <subfield code="a">Kirchenbibliothek St. Johannis</subfield>
            <subfield code="c">Schönebeck-Bad Salzelmen</subfield>
            <subfield code="g">D-SCHÖ</subfield>
         </datafield>
         <datafield tag="622" ind1=" " ind2=" ">
            <subfield code="e">Kirchenbibliothek St. Johannis, Pfarramt Schönebeck Land, Kirchstr. 15, 39218 Schönebeck-Bad Salzelmen, Germany</subfield>
            <subfield code="u">http://goo.gl/DZIc46</subfield>
         </datafield>
      </record>