
      <record>
         <leader>00000nz  a2200169   4500</leader>
         <controlfield tag="001">30002823</controlfield>
         <controlfield tag="003">RISM</controlfield>
         <controlfield tag="005">20160216</controlfield>
         <controlfield tag="008">160216n||az|||||||##########||||||||||||</controlfield>
         <datafield tag="040" ind1=" " ind2=" ">
            <subfield code="a">D-SCHÖB</subfield>
         </datafield>
         <datafield tag="043" ind1=" " ind2=" ">
            <subfield code="c">XA-DE</subfield>
         </datafield>
         <datafield tag="110" ind1="2" ind2=" ">
            <subfield code="a">Evangelische Kirchengemeinde Schönberg, Kirchenbibliothek</subfield>
            <subfield code="c">Schönberg (Lauf an der Pegnitz)</subfield>
            <subfield code="g">D-SCHÖB</subfield>
         </datafield>
         <datafield tag="622" ind1=" " ind2=" ">
            <subfield code="e">Evangelische Kirchengemeinde Schönberg,,  Kirchenbibliothek, Pfarrstraße 3, 91207 Schönberg (Lauf an der Pegnitz), Germany</subfield>
         </datafield>
      </record>