
      <record>
         <leader>00000nz  a2200169   4500</leader>
         <controlfield tag="001">30000216</controlfield>
         <controlfield tag="003">RISM</controlfield>
         <controlfield tag="005">20160216</controlfield>
         <controlfield tag="008">160216n||az|||||||##########||||||||||||</controlfield>
         <datafield tag="040" ind1=" " ind2=" ">
            <subfield code="a">D-SCHOT</subfield>
         </datafield>
         <datafield tag="043" ind1=" " ind2=" ">
            <subfield code="c">XA-DE</subfield>
         </datafield>
         <datafield tag="110" ind1="2" ind2=" ">
            <subfield code="a">Evangelische Liebfrauenkirche</subfield>
            <subfield code="c">Schotten</subfield>
            <subfield code="g">D-SCHOT</subfield>
         </datafield>
         <datafield tag="622" ind1=" " ind2=" ">
            <subfield code="e">Evangelische Liebfrauenkirche, Gemeindebüro im Albert-Schweitzer-Haus, Kirchstr. 45, 63679 Schotten, Germany</subfield>
            <subfield code="u">http://dekanat-schotten.de/pages/gemeinden/schotten.php</subfield>
         </datafield>
      </record>