
      <record>
         <leader>00000nz  a2200169   4500</leader>
         <controlfield tag="001">30003831</controlfield>
         <controlfield tag="003">RISM</controlfield>
         <controlfield tag="005">20160216</controlfield>
         <controlfield tag="008">160216n||az|||||||##########||||||||||||</controlfield>
         <datafield tag="040" ind1=" " ind2=" ">
            <subfield code="a">D-SCHPp</subfield>
         </datafield>
         <datafield tag="043" ind1=" " ind2=" ">
            <subfield code="c">XA-DE</subfield>
         </datafield>
         <datafield tag="110" ind1="2" ind2=" ">
            <subfield code="a">Kirche Schkopau, Pfarrarchiv</subfield>
            <subfield code="c">Schkopau</subfield>
            <subfield code="g">D-SCHPp</subfield>
         </datafield>
         <datafield tag="622" ind1=" " ind2=" ">
            <subfield code="e">Kirche Schkopau, Pfarrarchiv, 06258 Schkopau, Germany</subfield>
            <subfield code="u">http://www.kirchenkreis-merseburg.de/index.php?article_id=61</subfield>
         </datafield>
      </record>