
      <record>
         <leader>00000nz  a2200169   4500</leader>
         <controlfield tag="001">30000377</controlfield>
         <controlfield tag="003">RISM</controlfield>
         <controlfield tag="005">20160216</controlfield>
         <controlfield tag="008">160216n||az|||||||##########||||||||||||</controlfield>
         <datafield tag="040" ind1=" " ind2=" ">
            <subfield code="a">D-SCHst</subfield>
         </datafield>
         <datafield tag="043" ind1=" " ind2=" ">
            <subfield code="c">XA-DE</subfield>
         </datafield>
         <datafield tag="110" ind1="2" ind2=" ">
            <subfield code="a">Stadt- und Hospitalarchiv</subfield>
            <subfield code="c">Schwäbisch Hall</subfield>
            <subfield code="g">D-SCHst</subfield>
         </datafield>
         <datafield tag="622" ind1=" " ind2=" ">
            <subfield code="e">Stadt- und Hospitalarchiv, Am Markt 5, 74523 Schwäbisch Hall, Germany</subfield>
            <subfield code="u">http://www.schwaebischhall.de/Stadtarchiv.353.0.html</subfield>
         </datafield>
      </record>