
      <record>
         <leader>00000nz  a2200169   4500</leader>
         <controlfield tag="001">30000999</controlfield>
         <controlfield tag="003">RISM</controlfield>
         <controlfield tag="005">20160216</controlfield>
         <controlfield tag="008">160216n||az|||||||##########||||||||||||</controlfield>
         <datafield tag="040" ind1=" " ind2=" ">
            <subfield code="a">D-SCHWk</subfield>
         </datafield>
         <datafield tag="043" ind1=" " ind2=" ">
            <subfield code="c">XA-DE</subfield>
         </datafield>
         <datafield tag="110" ind1="2" ind2=" ">
            <subfield code="a">Evangelisch-Lutherisches Dekanat, Kirchenbibliothek</subfield>
            <subfield code="c">Schwabach</subfield>
            <subfield code="g">D-SCHWk</subfield>
         </datafield>
         <datafield tag="410" ind1="2" ind2=" ">
            <subfield code="a">Bibliothek des Kirchenkapitels</subfield>
         </datafield>
         <datafield tag="622" ind1=" " ind2=" ">
            <subfield code="e">Evangelisch-Lutherisches Dekanat,,  Kirchenbibliothek, Martin-Luther-Platz 1, 91126 Schwabach, Germany</subfield>
            <subfield code="u">http://www.dekanat-schwabach.de/</subfield>
         </datafield>
      </record>