
      <record>
         <leader>00000nz  a2200169   4500</leader>
         <controlfield tag="001">30001000</controlfield>
         <controlfield tag="003">RISM</controlfield>
         <controlfield tag="005">20160216</controlfield>
         <controlfield tag="008">160216n||az|||||||##########||||||||||||</controlfield>
         <datafield tag="040" ind1=" " ind2=" ">
            <subfield code="a">D-SD</subfield>
         </datafield>
         <datafield tag="043" ind1=" " ind2=" ">
            <subfield code="c">XA-DE</subfield>
         </datafield>
         <datafield tag="110" ind1="2" ind2=" ">
            <subfield code="a">Evangelisch-Lutherische Kirchengemeinde St. Andreas, Kantorei, Chorbibliothek</subfield>
            <subfield code="c">Springe</subfield>
            <subfield code="g">D-SD</subfield>
         </datafield>
         <datafield tag="410" ind1="2" ind2=" ">
            <subfield code="a">Ephoralbibliothek</subfield>
         </datafield>
         <datafield tag="622" ind1=" " ind2=" ">
            <subfield code="e">Evangelisch-Lutherische Kirchengemeinde,  St. Andreas, Kantorei, Chorbibliothek, St. Andreas Straße 5, 31832 Springe, Germany</subfield>
            <subfield code="u">https://st-andreas-gemeinde-springe.wir-e.de/aktuelles</subfield>
         </datafield>
      </record>