
      <record>
         <leader>00000nz  a2200169   4500</leader>
         <controlfield tag="001">30001001</controlfield>
         <controlfield tag="003">RISM</controlfield>
         <controlfield tag="005">20160216</controlfield>
         <controlfield tag="008">160216n||az|||||||##########||||||||||||</controlfield>
         <datafield tag="040" ind1=" " ind2=" ">
            <subfield code="a">D-SDF</subfield>
         </datafield>
         <datafield tag="043" ind1=" " ind2=" ">
            <subfield code="c">XA-DE</subfield>
         </datafield>
         <datafield tag="110" ind1="2" ind2=" ">
            <subfield code="a">Katholisches Pfarramt St. Tertulin, Bibliothek</subfield>
            <subfield code="c">Schlehdorf</subfield>
            <subfield code="g">D-SDF</subfield>
         </datafield>
         <datafield tag="410" ind1="2" ind2=" ">
            <subfield code="a">früher: Augustinerchorherrenstift</subfield>
         </datafield>
         <datafield tag="622" ind1=" " ind2=" ">
            <subfield code="e">Katholisches Pfarramt St. Tertulin,,  Bibliothek, Kirchstr. 2, 82444 Schlehdorf, Germany</subfield>
            <subfield code="u">https://www.erzbistum-muenchen.de/Pfarrei/Page035524.aspx</subfield>
         </datafield>
      </record>