
      <record>
         <leader>00000nz  a2200169   4500</leader>
         <controlfield tag="001">30061582</controlfield>
         <controlfield tag="003">RISM</controlfield>
         <controlfield tag="005">20160216</controlfield>
         <controlfield tag="008">160216n||az|||||||##########||||||||||||</controlfield>
         <datafield tag="040" ind1=" " ind2=" ">
            <subfield code="a">D-SDOk</subfield>
         </datafield>
         <datafield tag="043" ind1=" " ind2=" ">
            <subfield code="c">DE</subfield>
         </datafield>
         <datafield tag="110" ind1="2" ind2=" ">
            <subfield code="a">Evangelische Kirchengemeinde, Musikbibliothek und Archiv</subfield>
            <subfield code="c">Schorndorf</subfield>
            <subfield code="g">D-SDOk</subfield>
         </datafield>
         <datafield tag="580" ind1=" " ind2=" ">
            <subfield code="x">D-Sla</subfield>
            <subfield code="0">30077247</subfield>
         </datafield>
      </record>