
      <record>
         <leader>00000nz  a2200169   4500</leader>
         <controlfield tag="001">30076115</controlfield>
         <controlfield tag="003">RISM</controlfield>
         <controlfield tag="005">20160216</controlfield>
         <controlfield tag="008">160216n||az|||||||##########||||||||||||</controlfield>
         <datafield tag="040" ind1=" " ind2=" ">
            <subfield code="a">D-SEB</subfield>
         </datafield>
         <datafield tag="043" ind1=" " ind2=" ">
            <subfield code="c">XA-DE</subfield>
         </datafield>
         <datafield tag="110" ind1="2" ind2=" ">
            <subfield code="a">Evangelische Kirchgemeinde St. Wolfgang, Bibliothek</subfield>
            <subfield code="c">Schneeberg (Erzgebirge)</subfield>
            <subfield code="g">D-SEB</subfield>
         </datafield>
         <datafield tag="622" ind1=" " ind2=" ">
            <subfield code="e">Evangelische Kirchgemeinde St. Wolfgang,,  Bibliothek, Pfarramt, Kirchgasse 7, 08289 Schneeberg (Erzgebirge), Germany</subfield>
            <subfield code="u">http://www.st-wolfgang-schneeberg.de</subfield>
         </datafield>
      </record>