
      <record>
         <leader>00000nz  a2200169   4500</leader>
         <controlfield tag="001">30001273</controlfield>
         <controlfield tag="003">RISM</controlfield>
         <controlfield tag="005">20160216</controlfield>
         <controlfield tag="008">160216n||az|||||||##########||||||||||||</controlfield>
         <datafield tag="040" ind1=" " ind2=" ">
            <subfield code="a">D-SEH</subfield>
         </datafield>
         <datafield tag="043" ind1=" " ind2=" ">
            <subfield code="c">XA-DE</subfield>
         </datafield>
         <datafield tag="110" ind1="2" ind2=" ">
            <subfield code="a">Evangelisches Pfarramt und Kirchenchor St. Petri, Bibliothek</subfield>
            <subfield code="c">Seehausen (Altmark)</subfield>
            <subfield code="g">D-SEH</subfield>
         </datafield>
         <datafield tag="410" ind1="2" ind2=" ">
            <subfield code="a">Petrikirche, Pfarrarchiv</subfield>
         </datafield>
         <datafield tag="622" ind1=" " ind2=" ">
            <subfield code="e">Evangelisches Pfarramt und Kirchenchor,  St. Petri, Bibliothek, Kirchplatz 3, 39615 Seehausen (Altmark), Germany</subfield>
            <subfield code="u">http://www.kirchenkreis-stendal.de/seehausen.html</subfield>
         </datafield>
      </record>