
      <record>
         <leader>00000nz  a2200169   4500</leader>
         <controlfield tag="001">30000983</controlfield>
         <controlfield tag="003">RISM</controlfield>
         <controlfield tag="005">20160216</controlfield>
         <controlfield tag="008">160216n||az|||||||##########||||||||||||</controlfield>
         <datafield tag="040" ind1=" " ind2=" ">
            <subfield code="a">D-Seo</subfield>
         </datafield>
         <datafield tag="043" ind1=" " ind2=" ">
            <subfield code="c">XA-DE</subfield>
         </datafield>
         <datafield tag="110" ind1="2" ind2=" ">
            <subfield code="a">Landeskirchliche Zentralbibliothek - Bibliothek des Evangelischen Oberkirchenrats</subfield>
            <subfield code="c">Stuttgart</subfield>
            <subfield code="g">D-Seo</subfield>
         </datafield>
         <datafield tag="622" ind1=" " ind2=" ">
            <subfield code="e">Landeskirchliche Zentralbibliothek -, Bibliothek des Evangelischen, Oberkirchenrats, Balinger Str. 33/1, 70567 Stuttgart, Germany</subfield>
            <subfield code="u">http://www.zentralbibliothek.elk-wue.de/?id=6455</subfield>
         </datafield>
      </record>