
      <record>
         <leader>00000nz  a2200169   4500</leader>
         <controlfield tag="001">30001003</controlfield>
         <controlfield tag="003">RISM</controlfield>
         <controlfield tag="005">20160216</controlfield>
         <controlfield tag="008">160216n||az|||||||##########||||||||||||</controlfield>
         <datafield tag="040" ind1=" " ind2=" ">
            <subfield code="a">D-SFsj</subfield>
         </datafield>
         <datafield tag="043" ind1=" " ind2=" ">
            <subfield code="c">XA-DE</subfield>
         </datafield>
         <datafield tag="110" ind1="2" ind2=" ">
            <subfield code="a">Evangelisch-Lutherische Kirchengemeinde St. Johannis, Sakristei-Bibliothek</subfield>
            <subfield code="c">Schweinfurt</subfield>
            <subfield code="g">D-SFsj</subfield>
         </datafield>
         <datafield tag="622" ind1=" " ind2=" ">
            <subfield code="e">Evangelisch-Lutherische Kirchengemeinde,  St. Johannis, Sakristei-Bibliothek, Pfarramt, Marthin-Luther-Platz 18, 97421 Schweinfurt, Germany</subfield>
            <subfield code="u">http://www.schweinfurt-stjohannis-evangelisch.de/</subfield>
         </datafield>
      </record>