
      <record>
         <leader>00000nz  a2200169   4500</leader>
         <controlfield tag="001">30002819</controlfield>
         <controlfield tag="003">RISM</controlfield>
         <controlfield tag="005">20160216</controlfield>
         <controlfield tag="008">160216n||az|||||||##########||||||||||||</controlfield>
         <datafield tag="040" ind1=" " ind2=" ">
            <subfield code="a">D-SG</subfield>
         </datafield>
         <datafield tag="043" ind1=" " ind2=" ">
            <subfield code="c">XA-DE</subfield>
         </datafield>
         <datafield tag="110" ind1="2" ind2=" ">
            <subfield code="a">Hennebergisches Gymnasium "Georg Ernst", Bibliothek</subfield>
            <subfield code="c">Schleusingen</subfield>
            <subfield code="g">D-SG</subfield>
         </datafield>
         <datafield tag="410" ind1="2" ind2=" ">
            <subfield code="a">Bibliothek der Oberschule</subfield>
         </datafield>
         <datafield tag="580" ind1=" " ind2=" ">
            <subfield code="x">D-SGh</subfield>
            <subfield code="0">30001274</subfield>
         </datafield>
         <datafield tag="622" ind1=" " ind2=" ">
            <subfield code="e">Hennebergisches Gymnasium "Georg Ernst",,  Bibliothek, Klosterstraße 2-4, 98553 Schleusingen, Germany</subfield>
            <subfield code="u">http://www.gym-schleusingen.de/gymnasium/ganztagsangebot/bibliothek.html</subfield>
         </datafield>
      </record>