
      <record>
         <leader>00000nz  a2200169   4500</leader>
         <controlfield tag="001">30002944</controlfield>
         <controlfield tag="003">RISM</controlfield>
         <controlfield tag="005">20160216</controlfield>
         <controlfield tag="008">160216n||az|||||||##########||||||||||||</controlfield>
         <datafield tag="040" ind1=" " ind2=" ">
            <subfield code="a">D-SGH</subfield>
         </datafield>
         <datafield tag="043" ind1=" " ind2=" ">
            <subfield code="c">XA-DE</subfield>
         </datafield>
         <datafield tag="110" ind1="2" ind2=" ">
            <subfield code="a">Kirchenbibliothek St. Ulrici</subfield>
            <subfield code="c">Sangerhausen</subfield>
            <subfield code="g">D-SGH</subfield>
         </datafield>
         <datafield tag="410" ind1="2" ind2=" ">
            <subfield code="a">Archiv der Superintendentur</subfield>
         </datafield>
         <datafield tag="622" ind1=" " ind2=" ">
            <subfield code="e">Kirchenbibliothek St. Ulrici, Alte Promenade 23, 06526 Sangerhausen, Germany</subfield>
         </datafield>
      </record>