
      <record>
         <leader>00000nz  a2200169   4500</leader>
         <controlfield tag="001">30001274</controlfield>
         <controlfield tag="003">RISM</controlfield>
         <controlfield tag="005">20160216</controlfield>
         <controlfield tag="008">160216n||az|||||||##########||||||||||||</controlfield>
         <datafield tag="040" ind1=" " ind2=" ">
            <subfield code="a">D-SGh</subfield>
         </datafield>
         <datafield tag="043" ind1=" " ind2=" ">
            <subfield code="c">XA-DE</subfield>
         </datafield>
         <datafield tag="110" ind1="2" ind2=" ">
            <subfield code="a">Naturhistorisches Museum Schloss Bertholdsburg, Bibliothek</subfield>
            <subfield code="c">Schleusingen</subfield>
            <subfield code="g">D-SGh</subfield>
         </datafield>
         <datafield tag="410" ind1="2" ind2=" ">
            <subfield code="a">Heimatmuseum</subfield>
         </datafield>
         <datafield tag="410" ind1="2" ind2=" ">
            <subfield code="a">Hennebergische Gymnasialbibliothek</subfield>
         </datafield>
         <datafield tag="410" ind1="2" ind2=" ">
            <subfield code="a">Bibliothek des Hennebergischen Geschichtsvereins</subfield>
         </datafield>
         <datafield tag="410" ind1="2" ind2=" ">
            <subfield code="a">Naturwissenschaftliche Bibliothek</subfield>
         </datafield>
         <datafield tag="622" ind1=" " ind2=" ">
            <subfield code="e">Naturhistorisches Museum Schloss,  Bertholdsburg, Bibliothek, Burgstr. 6, 98553 Schleusingen, Germany</subfield>
            <subfield code="u">http://www.museum-schleusingen.de/frameseite.html</subfield>
         </datafield>
      </record>