
      <record>
         <leader>00000nz  a2200169   4500</leader>
         <controlfield tag="001">30061583</controlfield>
         <controlfield tag="003">RISM</controlfield>
         <controlfield tag="005">20160216</controlfield>
         <controlfield tag="008">160216n||az|||||||##########||||||||||||</controlfield>
         <datafield tag="040" ind1=" " ind2=" ">
            <subfield code="a">D-SGM</subfield>
         </datafield>
         <datafield tag="043" ind1=" " ind2=" ">
            <subfield code="c">XA-DE</subfield>
         </datafield>
         <datafield tag="110" ind1="2" ind2=" ">
            <subfield code="a">Katholische Kirchengemeinde Heilig-Kreuz-Münster</subfield>
            <subfield code="c">Schwäbisch Gmünd</subfield>
            <subfield code="g">D-SGM</subfield>
         </datafield>
         <datafield tag="622" ind1=" " ind2=" ">
            <subfield code="e">Katholische Kirchengemeinde,  Heilig-Kreuz-Münster, Pfarramt, Münsterplatz 5, 73525 Schwäbisch Gmünd, Germany</subfield>
            <subfield code="u">http://se-schwaebischgmuend.drs.de/index.php?id=14147</subfield>
         </datafield>
      </record>