
      <record>
         <leader>00000nz  a2200169   4500</leader>
         <controlfield tag="001">30000984</controlfield>
         <controlfield tag="003">RISM</controlfield>
         <controlfield tag="005">20160216</controlfield>
         <controlfield tag="008">160216n||az|||||||##########||||||||||||</controlfield>
         <datafield tag="040" ind1=" " ind2=" ">
            <subfield code="a">D-Sh</subfield>
         </datafield>
         <datafield tag="043" ind1=" " ind2=" ">
            <subfield code="c">XA-DE</subfield>
         </datafield>
         <datafield tag="110" ind1="2" ind2=" ">
            <subfield code="a">Staatliche Hochschule für Musik und Darstellende Kunst, Bibliothek</subfield>
            <subfield code="c">Stuttgart</subfield>
            <subfield code="g">D-Sh</subfield>
         </datafield>
         <datafield tag="410" ind1="2" ind2=" ">
            <subfield code="a">University of Music and Performing Arts</subfield>
         </datafield>
         <datafield tag="410" ind1="2" ind2=" ">
            <subfield code="a">Königliches Konservatorium</subfield>
         </datafield>
         <datafield tag="622" ind1=" " ind2=" ">
            <subfield code="e">Staatliche Hochschule für Musik und,  Darstellende Kunst, Bibliothek, Urbanstr. 25, 70180 Stuttgart, Germany</subfield>
            <subfield code="u">http://www.mh-stuttgart.de/einrichtungen/bibliothek/</subfield>
         </datafield>
      </record>