
      <record>
         <leader>00000nz  a2200169   4500</leader>
         <controlfield tag="001">30076047</controlfield>
         <controlfield tag="003">RISM</controlfield>
         <controlfield tag="005">20160216</controlfield>
         <controlfield tag="008">160216n||az|||||||##########||||||||||||</controlfield>
         <datafield tag="040" ind1=" " ind2=" ">
            <subfield code="a">D-SHl</subfield>
         </datafield>
         <datafield tag="043" ind1=" " ind2=" ">
            <subfield code="c">XA-DE</subfield>
         </datafield>
         <datafield tag="110" ind1="2" ind2=" ">
            <subfield code="a">Loh-Orchester, Archiv</subfield>
            <subfield code="c">Sondershausen</subfield>
            <subfield code="g">D-SHl</subfield>
         </datafield>
         <datafield tag="622" ind1=" " ind2=" ">
            <subfield code="e">Loh-Orchester, Archiv, Im Loh 1, 99706 Sondershausen, Germany</subfield>
            <subfield code="u">http://www.theater-nordhausen.de</subfield>
         </datafield>
      </record>