
      <record>
         <leader>00000nz  a2200169   4500</leader>
         <controlfield tag="001">30000116</controlfield>
         <controlfield tag="003">RISM</controlfield>
         <controlfield tag="005">20160216</controlfield>
         <controlfield tag="008">160216n||az|||||||##########||||||||||||</controlfield>
         <datafield tag="040" ind1=" " ind2=" ">
            <subfield code="a">D-SHs</subfield>
         </datafield>
         <datafield tag="043" ind1=" " ind2=" ">
            <subfield code="c">XA-DE</subfield>
         </datafield>
         <datafield tag="110" ind1="2" ind2=" ">
            <subfield code="a">Stadtbibliothek "Johann Karl Wezel"</subfield>
            <subfield code="c">Sondershausen</subfield>
            <subfield code="g">D-SHs</subfield>
         </datafield>
         <datafield tag="410" ind1="2" ind2=" ">
            <subfield code="a">Stadt- und Kreisbibliothek</subfield>
         </datafield>
         <datafield tag="410" ind1="2" ind2=" ">
            <subfield code="a">Stadt- und Bezirksbibliothek</subfield>
         </datafield>
         <datafield tag="580" ind1=" " ind2=" ">
            <subfield code="x">D-SHm</subfield>
            <subfield code="0">30006078</subfield>
         </datafield>
         <datafield tag="622" ind1=" " ind2=" ">
            <subfield code="e">Stadtbibliothek "Johann Karl Wezel", Am Schlosspark 19, 99706 Sondershausen, Germany</subfield>
            <subfield code="u">http://www.sondershausen.de/de/bibliothek.html</subfield>
         </datafield>
      </record>