
      <record>
         <leader>00000nz  a2200169   4500</leader>
         <controlfield tag="001">4006</controlfield>
         <controlfield tag="003">RISM</controlfield>
         <controlfield tag="005">20160216</controlfield>
         <controlfield tag="008">160216n||az|||||||##########||||||||||||</controlfield>
         <datafield tag="040" ind1=" " ind2=" ">
            <subfield code="a">D-Shsa</subfield>
         </datafield>
         <datafield tag="043" ind1=" " ind2=" ">
            <subfield code="c">XA-DE</subfield>
         </datafield>
         <datafield tag="110" ind1="2" ind2=" ">
            <subfield code="a">Landesarchiv Baden-Württemberg - Hauptstaatsarchiv</subfield>
            <subfield code="c">Stuttgart</subfield>
            <subfield code="g">D-Shsa</subfield>
         </datafield>
         <datafield tag="622" ind1=" " ind2=" ">
            <subfield code="e">Landesarchiv Baden-Württemberg -,  Hauptstaatsarchiv, Konrad-Adenauer-Str. 4, 70173 Stuttgart, Germany</subfield>
            <subfield code="u">http://www.landesarchiv-bw.de/web/47272</subfield>
         </datafield>
      </record>