
      <record>
         <leader>00000nz  a2200169   4500</leader>
         <controlfield tag="001">30001004</controlfield>
         <controlfield tag="003">RISM</controlfield>
         <controlfield tag="005">20160216</controlfield>
         <controlfield tag="008">160216n||az|||||||##########||||||||||||</controlfield>
         <datafield tag="040" ind1=" " ind2=" ">
            <subfield code="a">D-SI</subfield>
         </datafield>
         <datafield tag="043" ind1=" " ind2=" ">
            <subfield code="c">XA-DE</subfield>
         </datafield>
         <datafield tag="110" ind1="2" ind2=" ">
            <subfield code="a">Fürstlich Hohenzollernsche Sammlungen und Hofbibliothek</subfield>
            <subfield code="c">Sigmaringen</subfield>
            <subfield code="g">D-SI</subfield>
         </datafield>
         <datafield tag="622" ind1=" " ind2=" ">
            <subfield code="e">Fürstlich Hohenzollernsche Sammlungen,  und Hofbibliothek, Schloss, 72488 Sigmaringen, Germany</subfield>
            <subfield code="u">http://www.hohenzollern.com/</subfield>
         </datafield>
      </record>