
      <record>
         <leader>00000nz  a2200169   4500</leader>
         <controlfield tag="001">30004171</controlfield>
         <controlfield tag="003">RISM</controlfield>
         <controlfield tag="005">20160216</controlfield>
         <controlfield tag="008">160216n||az|||||||##########||||||||||||</controlfield>
         <datafield tag="040" ind1=" " ind2=" ">
            <subfield code="a">D-SINs</subfield>
         </datafield>
         <datafield tag="043" ind1=" " ind2=" ">
            <subfield code="c">XA-DE</subfield>
         </datafield>
         <datafield tag="110" ind1="2" ind2=" ">
            <subfield code="a">Stadtbibliothek, Musikabteilung</subfield>
            <subfield code="c">Sindelfingen</subfield>
            <subfield code="g">D-SINs</subfield>
         </datafield>
         <datafield tag="622" ind1=" " ind2=" ">
            <subfield code="e">Stadtbibliothek, Musikabteilung, Rathausplatz 4, 71063 Sindelfingen, Germany</subfield>
            <subfield code="u">http://www.stadtbibliothek-sindelfingen.de/</subfield>
         </datafield>
      </record>