
      <record>
         <leader>00000nz  a2200169   4500</leader>
         <controlfield tag="001">30000985</controlfield>
         <controlfield tag="003">RISM</controlfield>
         <controlfield tag="005">20160216</controlfield>
         <controlfield tag="008">160216n||az|||||||##########||||||||||||</controlfield>
         <datafield tag="040" ind1=" " ind2=" ">
            <subfield code="a">D-Sl</subfield>
         </datafield>
         <datafield tag="043" ind1=" " ind2=" ">
            <subfield code="c">XA-DE</subfield>
         </datafield>
         <datafield tag="110" ind1="2" ind2=" ">
            <subfield code="a">Württembergische Landesbibliothek</subfield>
            <subfield code="c">Stuttgart</subfield>
            <subfield code="g">D-Sl</subfield>
         </datafield>
         <datafield tag="410" ind1="2" ind2=" ">
            <subfield code="a">Königliche Hofbibliothek</subfield>
         </datafield>
         <datafield tag="622" ind1=" " ind2=" ">
            <subfield code="e">Württembergische Landesbibliothek, Konrad-Adenauer-Straße 8, 70173 Stuttgart, Germany</subfield>
            <subfield code="u">http://www.wlb-stuttgart.de/</subfield>
         </datafield>
      </record>