
      <record>
         <leader>00000nz  a2200169   4500</leader>
         <controlfield tag="001">30001276</controlfield>
         <controlfield tag="003">RISM</controlfield>
         <controlfield tag="005">20160216</controlfield>
         <controlfield tag="008">160216n||az|||||||##########||||||||||||</controlfield>
         <datafield tag="040" ind1=" " ind2=" ">
            <subfield code="a">D-SLk</subfield>
         </datafield>
         <datafield tag="043" ind1=" " ind2=" ">
            <subfield code="c">XA-DE</subfield>
         </datafield>
         <datafield tag="110" ind1="2" ind2=" ">
            <subfield code="a">Katharinenkirche, Kirchenbibliothek</subfield>
            <subfield code="c">Salzwedel</subfield>
            <subfield code="g">D-SLk</subfield>
         </datafield>
         <datafield tag="622" ind1=" " ind2=" ">
            <subfield code="e">Katharinenkirche, Kirchenbibliothek, Gemeindebüro, An der Katharinenkirche 1, 29410 Salzwedel, Germany</subfield>
            <subfield code="u">http://www.katharinenkirche-salzwedel.de/raum-und-ausstattung/die-bibliothek/</subfield>
         </datafield>
      </record>