
      <record>
         <leader>00000nz  a2200169   4500</leader>
         <controlfield tag="001">30001277</controlfield>
         <controlfield tag="003">RISM</controlfield>
         <controlfield tag="005">20160216</controlfield>
         <controlfield tag="008">160216n||az|||||||##########||||||||||||</controlfield>
         <datafield tag="040" ind1=" " ind2=" ">
            <subfield code="a">D-SLm</subfield>
         </datafield>
         <datafield tag="043" ind1=" " ind2=" ">
            <subfield code="c">XA-DE</subfield>
         </datafield>
         <datafield tag="110" ind1="2" ind2=" ">
            <subfield code="a">Johann-Friedrich-Danneil-Museum, Bibliothek</subfield>
            <subfield code="c">Salzwedel</subfield>
            <subfield code="g">D-SLm</subfield>
         </datafield>
         <datafield tag="622" ind1=" " ind2=" ">
            <subfield code="e">Johann-Friedrich-Danneil-Museum,,  Bibliothek, An der Marienkirche 3, 29410 Salzwedel, Germany</subfield>
            <subfield code="u">http://www.museen-altmarkkreis.de/index.php?museum=2&amp;op=danneil_start</subfield>
         </datafield>
      </record>