
      <record>
         <leader>00000nz  a2200169   4500</leader>
         <controlfield tag="001">30001278</controlfield>
         <controlfield tag="003">RISM</controlfield>
         <controlfield tag="005">20160216</controlfield>
         <controlfield tag="008">160216n||az|||||||##########||||||||||||</controlfield>
         <datafield tag="040" ind1=" " ind2=" ">
            <subfield code="a">D-SLmk</subfield>
         </datafield>
         <datafield tag="043" ind1=" " ind2=" ">
            <subfield code="c">XA-DE</subfield>
         </datafield>
         <datafield tag="110" ind1="2" ind2=" ">
            <subfield code="a">Evangelische St. Mariengemeinde, Bibliothek</subfield>
            <subfield code="c">Salzwedel</subfield>
            <subfield code="g">D-SLmk</subfield>
         </datafield>
         <datafield tag="410" ind1="2" ind2=" ">
            <subfield code="a">Marienkirche, Bibliothek</subfield>
         </datafield>
         <datafield tag="622" ind1=" " ind2=" ">
            <subfield code="e">Evangelische St. Mariengemeinde,,  Bibliothek, Pfarramt, An der Marienkirche 4, 29410 Salzwedel, Germany</subfield>
            <subfield code="u">http://www.marienkirche-salzwedel.de/</subfield>
         </datafield>
      </record>