
      <record>
         <leader>00000nz  a2200169   4500</leader>
         <controlfield tag="001">30079178</controlfield>
         <controlfield tag="003">RISM</controlfield>
         <controlfield tag="005">20160216</controlfield>
         <controlfield tag="008">160216n||az|||||||##########||||||||||||</controlfield>
         <datafield tag="040" ind1=" " ind2=" ">
            <subfield code="a">D-Slw</subfield>
         </datafield>
         <datafield tag="043" ind1=" " ind2=" ">
            <subfield code="c">XA-DE</subfield>
         </datafield>
         <datafield tag="110" ind1="2" ind2=" ">
            <subfield code="a">Landesmuseum Württemberg, Bibliothek</subfield>
            <subfield code="c">Stuttgart</subfield>
            <subfield code="g">D-Slw</subfield>
         </datafield>
         <datafield tag="622" ind1=" " ind2=" ">
            <subfield code="e">Landesmuseum Württemberg, Bibliothek, Altes Schloss, Schillerplatz 6, 70173 Stuttgart, Germany</subfield>
            <subfield code="u">http://www.landesmuseum-stuttgart.de/</subfield>
         </datafield>
      </record>