
      <record>
         <leader>00000nz  a2200169   4500</leader>
         <controlfield tag="001">30001279</controlfield>
         <controlfield tag="003">RISM</controlfield>
         <controlfield tag="005">20160216</controlfield>
         <controlfield tag="008">160216n||az|||||||##########||||||||||||</controlfield>
         <datafield tag="040" ind1=" " ind2=" ">
            <subfield code="a">D-SNed</subfield>
         </datafield>
         <datafield tag="043" ind1=" " ind2=" ">
            <subfield code="c">XA-DE</subfield>
         </datafield>
         <datafield tag="110" ind1="2" ind2=" ">
            <subfield code="a">Evangelisches Dekanat, Bibliothek</subfield>
            <subfield code="c">Schmalkalden</subfield>
            <subfield code="g">D-SNed</subfield>
         </datafield>
         <datafield tag="622" ind1=" " ind2=" ">
            <subfield code="e">Evangelisches Dekanat, Bibliothek, Weidebrunner Tor 7, 98574 Schmalkalden, Germany</subfield>
            <subfield code="u">http://eksm.de/</subfield>
         </datafield>
      </record>