
      <record>
         <leader>00000nz  a2200169   4500</leader>
         <controlfield tag="001">30001280</controlfield>
         <controlfield tag="003">RISM</controlfield>
         <controlfield tag="005">20160216</controlfield>
         <controlfield tag="008">160216n||az|||||||##########||||||||||||</controlfield>
         <datafield tag="040" ind1=" " ind2=" ">
            <subfield code="a">D-SNh</subfield>
         </datafield>
         <datafield tag="043" ind1=" " ind2=" ">
            <subfield code="c">XA-DE</subfield>
         </datafield>
         <datafield tag="110" ind1="2" ind2=" ">
            <subfield code="a">Museum Schloss Wilhelmsburg, Bibliothek</subfield>
            <subfield code="c">Schmalkalden</subfield>
            <subfield code="g">D-SNh</subfield>
         </datafield>
         <datafield tag="410" ind1="2" ind2=" ">
            <subfield code="a">Heimatmuseum, Museumsbücherei</subfield>
         </datafield>
         <datafield tag="622" ind1=" " ind2=" ">
            <subfield code="e">Museum Schloss Wilhelmsburg, Bibliothek, Schlossberg 9, 98574 Schmalkalden, Germany</subfield>
            <subfield code="u">http://www.museumwilhelmsburg.de/</subfield>
         </datafield>
      </record>