
      <record>
         <leader>00000nz  a2200169   4500</leader>
         <controlfield tag="001">30001005</controlfield>
         <controlfield tag="003">RISM</controlfield>
         <controlfield tag="005">20160216</controlfield>
         <controlfield tag="008">160216n||az|||||||##########||||||||||||</controlfield>
         <datafield tag="040" ind1=" " ind2=" ">
            <subfield code="a">D-SO</subfield>
         </datafield>
         <datafield tag="043" ind1=" " ind2=" ">
            <subfield code="c">XA-DE</subfield>
         </datafield>
         <datafield tag="110" ind1="2" ind2=" ">
            <subfield code="a">Stadtarchiv und wissenschaftliche Stadtbibliothek</subfield>
            <subfield code="c">Soest</subfield>
            <subfield code="g">D-SO</subfield>
         </datafield>
         <datafield tag="622" ind1=" " ind2=" ">
            <subfield code="e">Stadtarchiv und wissenschaftliche,  Stadtbibliothek, Jakobistraße 13, 59494 Soest, Germany</subfield>
            <subfield code="u">http://www.soest.de/03leben_wohnen/kultur/archiv/117040100000015994.php</subfield>
         </datafield>
      </record>