
      <record>
         <leader>00000nz  a2200169   4500</leader>
         <controlfield tag="001">30077957</controlfield>
         <controlfield tag="003">RISM</controlfield>
         <controlfield tag="005">20160216</controlfield>
         <controlfield tag="008">160216n||az|||||||##########||||||||||||</controlfield>
         <datafield tag="040" ind1=" " ind2=" ">
            <subfield code="a">D-SÖMka</subfield>
         </datafield>
         <datafield tag="043" ind1=" " ind2=" ">
            <subfield code="c">XA-DE</subfield>
         </datafield>
         <datafield tag="110" ind1="2" ind2=" ">
            <subfield code="a">Landratsamt Sömmerda, Kreisarchiv</subfield>
            <subfield code="c">Sömmerda</subfield>
            <subfield code="g">D-SÖMka</subfield>
         </datafield>
         <datafield tag="622" ind1=" " ind2=" ">
            <subfield code="e">Landratsamt Sömmerda, Kreisarchiv, Rheinmetallstraße 9, 99610 Sömmerda, Germany</subfield>
            <subfield code="u">http://www.kreis-soem.de/lx10651.libx#kontakt_archive</subfield>
         </datafield>
      </record>