
      <record>
         <leader>00000nz  a2200169   4500</leader>
         <controlfield tag="001">30003278</controlfield>
         <controlfield tag="003">RISM</controlfield>
         <controlfield tag="005">20160216</controlfield>
         <controlfield tag="008">160216n||az|||||||##########||||||||||||</controlfield>
         <datafield tag="040" ind1=" " ind2=" ">
            <subfield code="a">D-SÖNp</subfield>
         </datafield>
         <datafield tag="043" ind1=" " ind2=" ">
            <subfield code="c">XA-DE</subfield>
         </datafield>
         <datafield tag="110" ind1="2" ind2=" ">
            <subfield code="a">Pfarrbibliothek</subfield>
            <subfield code="c">Schönau (Pfalz)</subfield>
            <subfield code="g">D-SÖNp</subfield>
         </datafield>
         <datafield tag="622" ind1=" " ind2=" ">
            <subfield code="e">Pfarrbibliothek, Hauptstr. 28, 66996 Schönau (Pfalz), Germany</subfield>
         </datafield>
      </record>