
      <record>
         <leader>00000nz  a2200169   4500</leader>
         <controlfield tag="001">30001281</controlfield>
         <controlfield tag="003">RISM</controlfield>
         <controlfield tag="005">20160216</controlfield>
         <controlfield tag="008">160216n||az|||||||##########||||||||||||</controlfield>
         <datafield tag="040" ind1=" " ind2=" ">
            <subfield code="a">D-SPF</subfield>
         </datafield>
         <datafield tag="043" ind1=" " ind2=" ">
            <subfield code="c">XA-DE</subfield>
         </datafield>
         <datafield tag="110" ind1="2" ind2=" ">
            <subfield code="a">Landesschule Pforta, Historische Bibliothek</subfield>
            <subfield code="c">Schulpforte (Bad Kösen/Naumburg)</subfield>
            <subfield code="g">D-SPF</subfield>
         </datafield>
         <datafield tag="410" ind1="2" ind2=" ">
            <subfield code="a">Heimoberschule Pforta, Bibliothek</subfield>
         </datafield>
         <datafield tag="410" ind1="2" ind2=" ">
            <subfield code="a">Fürstenschule Pforta</subfield>
         </datafield>
         <datafield tag="622" ind1=" " ind2=" ">
            <subfield code="e">Landesschule Pforta, Historische,  Bibliothek, Schulstr. 12, 06628 Schulpforte (Bad Kösen/Naumburg), Germany</subfield>
            <subfield code="u">http://www.landesschule-pforta.de/</subfield>
         </datafield>
      </record>