
      <record>
         <leader>00000nz  a2200169   4500</leader>
         <controlfield tag="001">30001008</controlfield>
         <controlfield tag="003">RISM</controlfield>
         <controlfield tag="005">20160216</controlfield>
         <controlfield tag="008">160216n||az|||||||##########||||||||||||</controlfield>
         <datafield tag="040" ind1=" " ind2=" ">
            <subfield code="a">D-SPH</subfield>
         </datafield>
         <datafield tag="043" ind1=" " ind2=" ">
            <subfield code="c">XA-DE</subfield>
         </datafield>
         <datafield tag="110" ind1="2" ind2=" ">
            <subfield code="a">Klosterpfarrei</subfield>
            <subfield code="c">Speinshart</subfield>
            <subfield code="g">D-SPH</subfield>
         </datafield>
         <datafield tag="410" ind1="2" ind2=" ">
            <subfield code="a">Katholisches Pfarramt, Praemonstratenserabtei</subfield>
         </datafield>
         <datafield tag="622" ind1=" " ind2=" ">
            <subfield code="e">Klosterpfarrei, Klosterhof 2, 92676 Speinshart, Germany</subfield>
            <subfield code="u">http://www.pfarrei-speinshart.de/</subfield>
         </datafield>
      </record>