
      <record>
         <leader>00000nz  a2200169   4500</leader>
         <controlfield tag="001">30001006</controlfield>
         <controlfield tag="003">RISM</controlfield>
         <controlfield tag="005">20160216</controlfield>
         <controlfield tag="008">160216n||az|||||||##########||||||||||||</controlfield>
         <datafield tag="040" ind1=" " ind2=" ">
            <subfield code="a">D-SPlb</subfield>
         </datafield>
         <datafield tag="043" ind1=" " ind2=" ">
            <subfield code="c">XA-DE</subfield>
         </datafield>
         <datafield tag="110" ind1="2" ind2=" ">
            <subfield code="a">Landesbibliothekszentrum Rheinland-Pfalz / Pfälzische Landesbibliothek, Musiksammlung</subfield>
            <subfield code="c">Speyer</subfield>
            <subfield code="g">D-SPlb</subfield>
         </datafield>
         <datafield tag="622" ind1=" " ind2=" ">
            <subfield code="e">Landesbibliothekszentrum Rheinland-Pfalz,  / Pfälzische Landesbibliothek,, Musiksammlung, Otto-Mayer-Straße 9, 67346 Speyer, Germany</subfield>
            <subfield code="u">http://goo.gl/hVO94S</subfield>
         </datafield>
      </record>