
      <record>
         <leader>00000nz  a2200169   4500</leader>
         <controlfield tag="001">30001007</controlfield>
         <controlfield tag="003">RISM</controlfield>
         <controlfield tag="005">20160216</controlfield>
         <controlfield tag="008">160216n||az|||||||##########||||||||||||</controlfield>
         <datafield tag="040" ind1=" " ind2=" ">
            <subfield code="a">D-SPlk</subfield>
         </datafield>
         <datafield tag="043" ind1=" " ind2=" ">
            <subfield code="c">XA-DE</subfield>
         </datafield>
         <datafield tag="110" ind1="2" ind2=" ">
            <subfield code="a">Evangelische Kirche der Pfalz, Bibliothek und Medienzentrale</subfield>
            <subfield code="c">Speyer</subfield>
            <subfield code="g">D-SPlk</subfield>
         </datafield>
         <datafield tag="410" ind1="2" ind2=" ">
            <subfield code="a">Protestantischer Landeskirchenrat der Pfalz</subfield>
         </datafield>
         <datafield tag="622" ind1=" " ind2=" ">
            <subfield code="e">Evangelische Kirche der Pfalz,,  Bibliothek und Medienzentrale, Roßmarktstr. 4, 67346 Speyer, Germany</subfield>
            <subfield code="u">http://www.kirchenbibliothek.de/</subfield>
         </datafield>
      </record>