
      <record>
         <leader>00000nz  a2200169   4500</leader>
         <controlfield tag="001">30002825</controlfield>
         <controlfield tag="003">RISM</controlfield>
         <controlfield tag="005">20160216</controlfield>
         <controlfield tag="008">160216n||az|||||||##########||||||||||||</controlfield>
         <datafield tag="040" ind1=" " ind2=" ">
            <subfield code="a">D-SPlka</subfield>
         </datafield>
         <datafield tag="043" ind1=" " ind2=" ">
            <subfield code="c">XA-DE</subfield>
         </datafield>
         <datafield tag="110" ind1="2" ind2=" ">
            <subfield code="a">Zentralarchiv der Evangelischen Kirche der Pfalz</subfield>
            <subfield code="c">Speyer</subfield>
            <subfield code="g">D-SPlka</subfield>
         </datafield>
         <datafield tag="410" ind1="2" ind2=" ">
            <subfield code="a">Landeskirchenarchiv</subfield>
         </datafield>
         <datafield tag="622" ind1=" " ind2=" ">
            <subfield code="e">Zentralarchiv der Evangelischen Kirche,  der Pfalz, Domplatz 5, 67346 Speyer, Germany</subfield>
            <subfield code="u">http://www.zentralarchiv-speyer.de/</subfield>
         </datafield>
      </record>