
      <record>
         <leader>00000nz  a2200169   4500</leader>
         <controlfield tag="001">30002826</controlfield>
         <controlfield tag="003">RISM</controlfield>
         <controlfield tag="005">20160216</controlfield>
         <controlfield tag="008">160216n||az|||||||##########||||||||||||</controlfield>
         <datafield tag="040" ind1=" " ind2=" ">
            <subfield code="a">D-SPp</subfield>
         </datafield>
         <datafield tag="043" ind1=" " ind2=" ">
            <subfield code="c">XA-DE</subfield>
         </datafield>
         <datafield tag="110" ind1="2" ind2=" ">
            <subfield code="a">Bischöfliches Priesterseminar St. German, Bibliothek</subfield>
            <subfield code="c">Speyer</subfield>
            <subfield code="g">D-SPp</subfield>
         </datafield>
         <datafield tag="622" ind1=" " ind2=" ">
            <subfield code="e">Bischöfliches Priesterseminar St.,  German, Bibliothek, Am Germansberg 60, 67346 Speyer, Germany</subfield>
            <subfield code="u">http://www.sankt-german-speyer.de/</subfield>
         </datafield>
      </record>