
      <record>
         <leader>00000nz  a2200169   4500</leader>
         <controlfield tag="001">30002827</controlfield>
         <controlfield tag="003">RISM</controlfield>
         <controlfield tag="005">20160216</controlfield>
         <controlfield tag="008">160216n||az|||||||##########||||||||||||</controlfield>
         <datafield tag="040" ind1=" " ind2=" ">
            <subfield code="a">D-SPT</subfield>
         </datafield>
         <datafield tag="043" ind1=" " ind2=" ">
            <subfield code="c">XA-DE</subfield>
         </datafield>
         <datafield tag="110" ind1="2" ind2=" ">
            <subfield code="a">Bibliothek des ehemaligen Priesterseminars</subfield>
            <subfield code="c">St. Peter</subfield>
            <subfield code="g">D-SPT</subfield>
         </datafield>
         <datafield tag="580" ind1=" " ind2=" ">
            <subfield code="x">D-FReb</subfield>
            <subfield code="0">30080554</subfield>
         </datafield>
         <datafield tag="622" ind1=" " ind2=" ">
            <subfield code="e">Bibliothek des ehemaligen,  Priesterseminars, Klosterhof 2, 79271 St. Peter, Germany</subfield>
            <subfield code="u">http://www.ebfr.de/html/bibliothek.html</subfield>
         </datafield>
      </record>