
      <record>
         <leader>00000nz  a2200169   4500</leader>
         <controlfield tag="001">30001282</controlfield>
         <controlfield tag="003">RISM</controlfield>
         <controlfield tag="005">20160216</controlfield>
         <controlfield tag="008">160216n||az|||||||##########||||||||||||</controlfield>
         <datafield tag="040" ind1=" " ind2=" ">
            <subfield code="a">D-SSa</subfield>
         </datafield>
         <datafield tag="043" ind1=" " ind2=" ">
            <subfield code="c">XA-DE</subfield>
         </datafield>
         <datafield tag="110" ind1="2" ind2=" ">
            <subfield code="a">Stadtarchiv, Bibliothek</subfield>
            <subfield code="c">Stralsund</subfield>
            <subfield code="g">D-SSa</subfield>
         </datafield>
         <datafield tag="622" ind1=" " ind2=" ">
            <subfield code="e">Stadtarchiv, Bibliothek, Am Johanniskloster 35, 18439 Stralsund, Germany</subfield>
            <subfield code="u">http://stadtarchiv.stralsund.de/</subfield>
         </datafield>
      </record>