
      <record>
         <leader>00000nz  a2200169   4500</leader>
         <controlfield tag="001">30080654</controlfield>
         <controlfield tag="003">RISM</controlfield>
         <controlfield tag="005">20160216</controlfield>
         <controlfield tag="008">160216n||az|||||||##########||||||||||||</controlfield>
         <datafield tag="040" ind1=" " ind2=" ">
            <subfield code="a">D-Sstm</subfield>
         </datafield>
         <datafield tag="043" ind1=" " ind2=" ">
            <subfield code="c">XA-DE</subfield>
         </datafield>
         <datafield tag="110" ind1="2" ind2=" ">
            <subfield code="a">Die Staatstheater Stuttgart, Musikbibliothek</subfield>
            <subfield code="c">Stuttgart</subfield>
            <subfield code="g">D-Sstm</subfield>
         </datafield>
         <datafield tag="622" ind1=" " ind2=" ">
            <subfield code="e">Die Staatstheater Stuttgart,,  Musikbibliothek, Oberer Schlossgarten 6, 70173 Stuttgart, Germany</subfield>
            <subfield code="u">http://www.staatstheater-stuttgart.de/</subfield>
         </datafield>
      </record>