
      <record>
         <leader>00000nz  a2200169   4500</leader>
         <controlfield tag="001">30003768</controlfield>
         <controlfield tag="003">RISM</controlfield>
         <controlfield tag="005">20160216</controlfield>
         <controlfield tag="008">160216n||az|||||||##########||||||||||||</controlfield>
         <datafield tag="040" ind1=" " ind2=" ">
            <subfield code="a">D-SSTp</subfield>
         </datafield>
         <datafield tag="043" ind1=" " ind2=" ">
            <subfield code="c">XA-DE</subfield>
         </datafield>
         <datafield tag="110" ind1="2" ind2=" ">
            <subfield code="a">Evangelische Kirchengemeinde, Pfarrarchiv</subfield>
            <subfield code="c">Schönstedt</subfield>
            <subfield code="g">D-SSTp</subfield>
         </datafield>
         <datafield tag="622" ind1=" " ind2=" ">
            <subfield code="e">Evangelische Kirchengemeinde,,  Pfarrarchiv, Untere Kirchstr. 16, 99947 Schönstedt, Germany</subfield>
            <subfield code="u">http://www.kirchenkreis-muehlhausen.de/pfarrstellen-gemeinden/schoenstedt/</subfield>
         </datafield>
      </record>