
      <record>
         <leader>00000nz  a2200169   4500</leader>
         <controlfield tag="001">30001009</controlfield>
         <controlfield tag="003">RISM</controlfield>
         <controlfield tag="005">20160216</controlfield>
         <controlfield tag="008">160216n||az|||||||##########||||||||||||</controlfield>
         <datafield tag="040" ind1=" " ind2=" ">
            <subfield code="a">D-ST</subfield>
         </datafield>
         <datafield tag="043" ind1=" " ind2=" ">
            <subfield code="c">XA-DE</subfield>
         </datafield>
         <datafield tag="110" ind1="2" ind2=" ">
            <subfield code="a">Predigerbibliothek</subfield>
            <subfield code="c">Stade</subfield>
            <subfield code="g">D-ST</subfield>
         </datafield>
         <datafield tag="410" ind1="2" ind2=" ">
            <subfield code="a">Predigerbibliothek im Predigerseminar der Evangelisch-Lutherischen Landeskirche Hannovers</subfield>
         </datafield>
         <datafield tag="580" ind1=" " ind2=" ">
            <subfield code="x">D-STs</subfield>
            <subfield code="0">30076593</subfield>
         </datafield>
         <datafield tag="710" ind1="2" ind2=" ">
            <subfield code="a">Predigerseminar Rotenburg, Bibliothek</subfield>
            <subfield code="0">30000978</subfield>
         </datafield>
      </record>