
      <record>
         <leader>00000nz  a2200169   4500</leader>
         <controlfield tag="001">30000287</controlfield>
         <controlfield tag="003">RISM</controlfield>
         <controlfield tag="005">20160216</controlfield>
         <controlfield tag="008">160216n||az|||||||##########||||||||||||</controlfield>
         <datafield tag="040" ind1=" " ind2=" ">
            <subfield code="a">D-STBp</subfield>
         </datafield>
         <datafield tag="043" ind1=" " ind2=" ">
            <subfield code="c">XA-DE</subfield>
         </datafield>
         <datafield tag="110" ind1="2" ind2=" ">
            <subfield code="a">Evangelisch-Lutherisches Pfarramt, Pfarrarchiv</subfield>
            <subfield code="c">Steinbach (Bad Liebenstein)</subfield>
            <subfield code="g">D-STBp</subfield>
         </datafield>
         <datafield tag="622" ind1=" " ind2=" ">
            <subfield code="e">Evangelisch-Lutherisches Pfarramt,, Pfarrarchiv, Kallenbach 6, 36448 Steinbach (bei Bad Salzungen), Germany</subfield>
            <subfield code="u">http://salzungen.elkth-online.de/portal/kirche/steinbach/?open=2073</subfield>
         </datafield>
      </record>