
      <record>
         <leader>00000nz  a2200169   4500</leader>
         <controlfield tag="001">30003769</controlfield>
         <controlfield tag="003">RISM</controlfield>
         <controlfield tag="005">20160216</controlfield>
         <controlfield tag="008">160216n||az|||||||##########||||||||||||</controlfield>
         <datafield tag="040" ind1=" " ind2=" ">
            <subfield code="a">D-STDp</subfield>
         </datafield>
         <datafield tag="043" ind1=" " ind2=" ">
            <subfield code="c">XA-DE</subfield>
         </datafield>
         <datafield tag="110" ind1="2" ind2=" ">
            <subfield code="a">Evangelisch-Lutherisches Kirchspiel Stadtroda, Pfarrarchiv</subfield>
            <subfield code="c">Stadtroda</subfield>
            <subfield code="g">D-STDp</subfield>
         </datafield>
         <datafield tag="622" ind1=" " ind2=" ">
            <subfield code="e">Evangelisch-Lutherisches Kirchspiel,  Stadtroda, Pfarrarchiv, Pfarramt, Kirchweg 16, 07646 Stadtroda, Germany</subfield>
            <subfield code="u">http://www.kirche-stadtroda.de/</subfield>
         </datafield>
      </record>