
      <record>
         <leader>00000nz  a2200169   4500</leader>
         <controlfield tag="001">30001283</controlfield>
         <controlfield tag="003">RISM</controlfield>
         <controlfield tag="005">20160216</controlfield>
         <controlfield tag="008">160216n||az|||||||##########||||||||||||</controlfield>
         <datafield tag="040" ind1=" " ind2=" ">
            <subfield code="a">D-STEm</subfield>
         </datafield>
         <datafield tag="043" ind1=" " ind2=" ">
            <subfield code="c">XA-DE</subfield>
         </datafield>
         <datafield tag="110" ind1="2" ind2=" ">
            <subfield code="a">Marienkirche, Schönbecksche Bibliothek</subfield>
            <subfield code="c">Stendal</subfield>
            <subfield code="g">D-STEm</subfield>
         </datafield>
         <datafield tag="622" ind1=" " ind2=" ">
            <subfield code="e">Marienkirche, Schönbecksche Bibliothek, c/o Evangelische Stadtgemeinde, Hallstr. 28, 39576 Stendal, Germany</subfield>
            <subfield code="u">http://www.stadtgemeinde.de/</subfield>
         </datafield>
      </record>