
      <record>
         <leader>00000nz  a2200169   4500</leader>
         <controlfield tag="001">30001285</controlfield>
         <controlfield tag="003">RISM</controlfield>
         <controlfield tag="005">20160216</controlfield>
         <controlfield tag="008">160216n||az|||||||##########||||||||||||</controlfield>
         <datafield tag="040" ind1=" " ind2=" ">
            <subfield code="a">D-STI</subfield>
         </datafield>
         <datafield tag="043" ind1=" " ind2=" ">
            <subfield code="c">XA-DE</subfield>
         </datafield>
         <datafield tag="110" ind1="2" ind2=" ">
            <subfield code="a">Evangelisch-Lutherische Kirchengemeinde, Pfarrarchiv</subfield>
            <subfield code="c">Stadtilm</subfield>
            <subfield code="g">D-STI</subfield>
         </datafield>
         <datafield tag="622" ind1=" " ind2=" ">
            <subfield code="e">Evangelisch-Lutherische Kirchengemeinde,,  Pfarrarchiv, Pfarramt, Johann-Sebastian-Bach-Str. 9, 99326 Stadtilm, Germany</subfield>
            <subfield code="u">http://www.st-marien-stadtilm.de/index.html</subfield>
         </datafield>
      </record>