
      <record>
         <leader>00000nz  a2200169   4500</leader>
         <controlfield tag="001">30001286</controlfield>
         <controlfield tag="003">RISM</controlfield>
         <controlfield tag="005">20160216</controlfield>
         <controlfield tag="008">160216n||az|||||||##########||||||||||||</controlfield>
         <datafield tag="040" ind1=" " ind2=" ">
            <subfield code="a">D-STOm</subfield>
         </datafield>
         <datafield tag="043" ind1=" " ind2=" ">
            <subfield code="c">XA-DE</subfield>
         </datafield>
         <datafield tag="110" ind1="2" ind2=" ">
            <subfield code="a">Evangelisches Pfarramt St. Martini, Bibliothek</subfield>
            <subfield code="c">Stolberg (Harz)</subfield>
            <subfield code="g">D-STOm</subfield>
         </datafield>
         <datafield tag="410" ind1="2" ind2=" ">
            <subfield code="a">Pfarrarchiv</subfield>
         </datafield>
         <datafield tag="622" ind1=" " ind2=" ">
            <subfield code="e">Evangelisches Pfarramt St. Martini,,  Bibliothek, Schlossberg 10, 06536 Stolberg (Harz), Germany</subfield>
            <subfield code="u">http://goo.gl/n8mbUf</subfield>
         </datafield>
      </record>