
      <record>
         <leader>00000nz  a2200169   4500</leader>
         <controlfield tag="001">30076593</controlfield>
         <controlfield tag="003">RISM</controlfield>
         <controlfield tag="005">20160216</controlfield>
         <controlfield tag="008">160216n||az|||||||##########||||||||||||</controlfield>
         <datafield tag="040" ind1=" " ind2=" ">
            <subfield code="a">D-STs</subfield>
         </datafield>
         <datafield tag="043" ind1=" " ind2=" ">
            <subfield code="c">XA-DE</subfield>
         </datafield>
         <datafield tag="110" ind1="2" ind2=" ">
            <subfield code="a">Stadtarchiv</subfield>
            <subfield code="c">Stade</subfield>
            <subfield code="g">D-STs</subfield>
         </datafield>
         <datafield tag="622" ind1=" " ind2=" ">
            <subfield code="e">Stadtarchiv, Johannisstraße 5, 21682 Stade, Germany</subfield>
            <subfield code="u">https://www.stadt-stade.info/stade/rathaus/stadtverwaltung/stadtarchiv/</subfield>
         </datafield>
      </record>