
      <record>
         <leader>00000nz  a2200169   4500</leader>
         <controlfield tag="001">30001287</controlfield>
         <controlfield tag="003">RISM</controlfield>
         <controlfield tag="005">20160216</controlfield>
         <controlfield tag="008">160216n||az|||||||##########||||||||||||</controlfield>
         <datafield tag="040" ind1=" " ind2=" ">
            <subfield code="a">D-SUa</subfield>
         </datafield>
         <datafield tag="043" ind1=" " ind2=" ">
            <subfield code="c">XA-DE</subfield>
         </datafield>
         <datafield tag="110" ind1="2" ind2=" ">
            <subfield code="a">Evangelisch-Lutherisches Pfarramt St. Wiperti, Pfarrarchiv</subfield>
            <subfield code="c">Sülzenbrücken (Amt Wachsenburg)</subfield>
            <subfield code="g">D-SUa</subfield>
         </datafield>
         <datafield tag="622" ind1=" " ind2=" ">
            <subfield code="e">Evangelisch-Lutherisches Pfarramt St.,  Wiperti, Pfarrarchiv, c/o Pfarramt Holzhausen, Pfarrgasse 66, 99334 Amt Wachsenburg, Holzhausen, Germany</subfield>
            <subfield code="u">http://verband-wachsenburgkirche.de/</subfield>
         </datafield>
      </record>