
      <record>
         <leader>00000nz  a2200169   4500</leader>
         <controlfield tag="001">30001288</controlfield>
         <controlfield tag="003">RISM</controlfield>
         <controlfield tag="005">20160216</controlfield>
         <controlfield tag="008">160216n||az|||||||##########||||||||||||</controlfield>
         <datafield tag="040" ind1=" " ind2=" ">
            <subfield code="a">D-SUH</subfield>
         </datafield>
         <datafield tag="043" ind1=" " ind2=" ">
            <subfield code="c">XA-DE</subfield>
         </datafield>
         <datafield tag="110" ind1="2" ind2=" ">
            <subfield code="a">Stadtbücherei</subfield>
            <subfield code="c">Suhl</subfield>
            <subfield code="g">D-SUH</subfield>
         </datafield>
         <datafield tag="410" ind1="2" ind2=" ">
            <subfield code="a">Wissenschaftliche Allgemeinbibliothek, Musikabteilung</subfield>
         </datafield>
         <datafield tag="410" ind1="2" ind2=" ">
            <subfield code="a">Stadt- und Bezirksbibliothek Martin Andersen Nexö</subfield>
         </datafield>
         <datafield tag="622" ind1=" " ind2=" ">
            <subfield code="e">Stadtbücherei, Bahnhofstraße 10, 98527 Suhl, Germany</subfield>
            <subfield code="u">http://www.stadtbuecherei-suhl.de/</subfield>
         </datafield>
      </record>