
      <record>
         <leader>00000nz  a2200169   4500</leader>
         <controlfield tag="001">30005694</controlfield>
         <controlfield tag="003">RISM</controlfield>
         <controlfield tag="005">20160216</controlfield>
         <controlfield tag="008">160216n||az|||||||##########||||||||||||</controlfield>
         <datafield tag="040" ind1=" " ind2=" ">
            <subfield code="a">D-SUHa</subfield>
         </datafield>
         <datafield tag="043" ind1=" " ind2=" ">
            <subfield code="c">XA-DE</subfield>
         </datafield>
         <datafield tag="110" ind1="2" ind2=" ">
            <subfield code="a">Thüringisches Staatsarchiv Meiningen, Archivdepot Suhl</subfield>
            <subfield code="c">Suhl</subfield>
            <subfield code="g">D-SUHa</subfield>
         </datafield>
         <datafield tag="622" ind1=" " ind2=" ">
            <subfield code="e">Thüringisches Staatsarchiv Meiningen,,  Archivdepot Suhl, Neundorfer Straße 10-12, 98527 Suhl, Germany</subfield>
            <subfield code="u">http://www.thueringen.de/th1/tsk/kultur/staatsarchive/standorte/meiningen/index.aspx</subfield>
         </datafield>
      </record>