
      <record>
         <leader>00000nz  a2200169   4500</leader>
         <controlfield tag="001">30002830</controlfield>
         <controlfield tag="003">RISM</controlfield>
         <controlfield tag="005">20160216</controlfield>
         <controlfield tag="008">160216n||az|||||||##########||||||||||||</controlfield>
         <datafield tag="040" ind1=" " ind2=" ">
            <subfield code="a">D-SWa</subfield>
         </datafield>
         <datafield tag="043" ind1=" " ind2=" ">
            <subfield code="c">XA-DE</subfield>
         </datafield>
         <datafield tag="110" ind1="2" ind2=" ">
            <subfield code="a">Landeshauptarchiv</subfield>
            <subfield code="c">Schwerin</subfield>
            <subfield code="g">D-SWa</subfield>
         </datafield>
         <datafield tag="410" ind1="2" ind2=" ">
            <subfield code="a">Mecklenburgisches Landeshauptarchiv</subfield>
         </datafield>
         <datafield tag="410" ind1="2" ind2=" ">
            <subfield code="a">Staatsarchiv</subfield>
         </datafield>
         <datafield tag="622" ind1=" " ind2=" ">
            <subfield code="e">Landeshauptarchiv, Graf-Schack-Allee 2, 19053 Schwerin, Germany</subfield>
            <subfield code="u">http://goo.gl/XOb0XD</subfield>
         </datafield>
      </record>