
      <record>
         <leader>00000nz  a2200169   4500</leader>
         <controlfield tag="001">30001012</controlfield>
         <controlfield tag="003">RISM</controlfield>
         <controlfield tag="005">20160216</controlfield>
         <controlfield tag="008">160216n||az|||||||##########||||||||||||</controlfield>
         <datafield tag="040" ind1=" " ind2=" ">
            <subfield code="a">D-SWG</subfield>
         </datafield>
         <datafield tag="043" ind1=" " ind2=" ">
            <subfield code="c">XA-DE</subfield>
         </datafield>
         <datafield tag="110" ind1="2" ind2=" ">
            <subfield code="a">Stiftung Schloss Gottorf, Landesmuseum für Kunst und Kulturgeschichte, Bibliothek</subfield>
            <subfield code="c">Schleswig</subfield>
            <subfield code="g">D-SWG</subfield>
         </datafield>
         <datafield tag="622" ind1=" " ind2=" ">
            <subfield code="e">Stiftung Schloss Gottorf, Landesmuseum,  für Kunst und Kulturgeschichte,,  Bibliothek, Schloss Gottorf, 24837 Schleswig, Germany</subfield>
            <subfield code="u">http://www.schloss-gottorf.de/landesmuseum-kunst-und-kulturgeschichte</subfield>
         </datafield>
      </record>