
      <record>
         <leader>00000nz  a2200169   4500</leader>
         <controlfield tag="001">30004120</controlfield>
         <controlfield tag="003">RISM</controlfield>
         <controlfield tag="005">20160216</controlfield>
         <controlfield tag="008">160216n||az|||||||##########||||||||||||</controlfield>
         <datafield tag="040" ind1=" " ind2=" ">
            <subfield code="a">D-SWGa</subfield>
         </datafield>
         <datafield tag="043" ind1=" " ind2=" ">
            <subfield code="c">XA-DE</subfield>
         </datafield>
         <datafield tag="110" ind1="2" ind2=" ">
            <subfield code="a">Landesarchiv Schleswig-Holstein</subfield>
            <subfield code="c">Schleswig</subfield>
            <subfield code="g">D-SWGa</subfield>
         </datafield>
         <datafield tag="410" ind1="2" ind2=" ">
            <subfield code="a">Staatsarchiv Schleswig-Holstein</subfield>
         </datafield>
         <datafield tag="622" ind1=" " ind2=" ">
            <subfield code="e">Landesarchiv Schleswig-Holstein, Prinzenpalais, 24837 Schleswig, Germany</subfield>
            <subfield code="u">http://www.schleswig-holstein.de/DE/Landesregierung/LASH/lash_node.html</subfield>
         </datafield>
      </record>