
      <record>
         <leader>00000nz  a2200169   4500</leader>
         <controlfield tag="001">30000064</controlfield>
         <controlfield tag="003">RISM</controlfield>
         <controlfield tag="005">20160216</controlfield>
         <controlfield tag="008">160216n||az|||||||##########||||||||||||</controlfield>
         <datafield tag="040" ind1=" " ind2=" ">
            <subfield code="a">D-SWl</subfield>
         </datafield>
         <datafield tag="043" ind1=" " ind2=" ">
            <subfield code="c">XA-DE</subfield>
         </datafield>
         <datafield tag="110" ind1="2" ind2=" ">
            <subfield code="a">Landesbibliothek Mecklenburg-Vorpommern Günther Uecker, Musikaliensammlung</subfield>
            <subfield code="c">Schwerin</subfield>
            <subfield code="g">D-SWl</subfield>
         </datafield>
         <datafield tag="410" ind1="2" ind2=" ">
            <subfield code="a">Mecklenburgische Landesbibliothek</subfield>
         </datafield>
         <datafield tag="410" ind1="2" ind2=" ">
            <subfield code="a">Wissenschaftliche Allgemeinbibliothek des Bezirks Schwerin</subfield>
         </datafield>
         <datafield tag="410" ind1="2" ind2=" ">
            <subfield code="a">Regierungsbibliothek</subfield>
         </datafield>
         <datafield tag="410" ind1="2" ind2=" ">
            <subfield code="a">Wissenschaftliche Allgemeinbibliothek</subfield>
         </datafield>
         <datafield tag="622" ind1=" " ind2=" ">
            <subfield code="e">Landesbibliothek Mecklenburg-Vorpommern,  Günther Uecker, Musikaliensammlung, Johannes-Stelling-Str. 29, 19053 Schwerin, Germany</subfield>
            <subfield code="u">http://www.lbmv.de/</subfield>
         </datafield>
      </record>