
      <record>
         <leader>00000nz  a2200169   4500</leader>
         <controlfield tag="001">30001289</controlfield>
         <controlfield tag="003">RISM</controlfield>
         <controlfield tag="005">20160216</controlfield>
         <controlfield tag="008">160216n||az|||||||##########||||||||||||</controlfield>
         <datafield tag="040" ind1=" " ind2=" ">
            <subfield code="a">D-SWs</subfield>
         </datafield>
         <datafield tag="043" ind1=" " ind2=" ">
            <subfield code="c">XA-DE</subfield>
         </datafield>
         <datafield tag="110" ind1="2" ind2=" ">
            <subfield code="a">Stadtbibliothek, Musikabteilung</subfield>
            <subfield code="c">Schwerin</subfield>
            <subfield code="g">D-SWs</subfield>
         </datafield>
         <datafield tag="410" ind1="2" ind2=" ">
            <subfield code="a">Stadt- und Bezirksbibliothek, Musikabteilung</subfield>
         </datafield>
         <datafield tag="580" ind1=" " ind2=" ">
            <subfield code="x">D-SWl</subfield>
            <subfield code="0">30000064</subfield>
         </datafield>
         <datafield tag="622" ind1=" " ind2=" ">
            <subfield code="e">Stadtbibliothek, Musikabteilung, Hauptbibliothek, Klöresgang 3, 19053 Schwerin, Germany</subfield>
            <subfield code="u">https://www.stadtbibliothek-schwerin.de/Willkommen.aspx</subfield>
         </datafield>
      </record>