
      <record>
         <leader>00000nz  a2200169   4500</leader>
         <controlfield tag="001">30001291</controlfield>
         <controlfield tag="003">RISM</controlfield>
         <controlfield tag="005">20160216</controlfield>
         <controlfield tag="008">160216n||az|||||||##########||||||||||||</controlfield>
         <datafield tag="040" ind1=" " ind2=" ">
            <subfield code="a">D-SWsk</subfield>
         </datafield>
         <datafield tag="043" ind1=" " ind2=" ">
            <subfield code="c">XA-DE</subfield>
         </datafield>
         <datafield tag="110" ind1="2" ind2=" ">
            <subfield code="a">Evangelisch-Lutherische Schlosskirchengemeinde, Pfarrarchiv</subfield>
            <subfield code="c">Schwerin</subfield>
            <subfield code="g">D-SWsk</subfield>
         </datafield>
         <datafield tag="410" ind1="2" ind2=" ">
            <subfield code="a">Schlosskirche, Chorarchiv</subfield>
         </datafield>
         <datafield tag="410" ind1="2" ind2=" ">
            <subfield code="a">Schlosskirchenchor</subfield>
         </datafield>
         <datafield tag="622" ind1=" " ind2=" ">
            <subfield code="e">Evangelisch-Lutherische,  Schlosskirchengemeinde, Pfarrarchiv, Gemeindebüro (ehem. Anna-Hospital), Platz der Jugend 25, 19053 Schwerin, Germany</subfield>
            <subfield code="u">http://www.schlosskirche-schwerin.de/</subfield>
         </datafield>
      </record>