
      <record>
         <leader>00000nz  a2200169   4500</leader>
         <controlfield tag="001">30001292</controlfield>
         <controlfield tag="003">RISM</controlfield>
         <controlfield tag="005">20160216</controlfield>
         <controlfield tag="008">160216n||az|||||||##########||||||||||||</controlfield>
         <datafield tag="040" ind1=" " ind2=" ">
            <subfield code="a">D-SWth</subfield>
         </datafield>
         <datafield tag="043" ind1=" " ind2=" ">
            <subfield code="c">XA-DE</subfield>
         </datafield>
         <datafield tag="110" ind1="2" ind2=" ">
            <subfield code="a">Mecklenburgisches Staatstheater, Bibliothek</subfield>
            <subfield code="c">Schwerin</subfield>
            <subfield code="g">D-SWth</subfield>
         </datafield>
         <datafield tag="410" ind1="2" ind2=" ">
            <subfield code="a">Großherzogliches Hoftheater</subfield>
         </datafield>
         <datafield tag="410" ind1="2" ind2=" ">
            <subfield code="a">Mecklenburgisches Landestheater</subfield>
         </datafield>
         <datafield tag="622" ind1=" " ind2=" ">
            <subfield code="e">Mecklenburgisches Staatstheater,,  Bibliothek, Alter Garten 2, 19055 Schwerin, Germany</subfield>
            <subfield code="u">http://www.theater-schwerin.de/</subfield>
         </datafield>
      </record>