
      <record>
         <leader>00000nz  a2200169   4500</leader>
         <controlfield tag="001">30001293</controlfield>
         <controlfield tag="003">RISM</controlfield>
         <controlfield tag="005">20160216</controlfield>
         <controlfield tag="008">160216n||az|||||||##########||||||||||||</controlfield>
         <datafield tag="040" ind1=" " ind2=" ">
            <subfield code="a">D-SZ</subfield>
         </datafield>
         <datafield tag="043" ind1=" " ind2=" ">
            <subfield code="c">XA-DE</subfield>
         </datafield>
         <datafield tag="110" ind1="2" ind2=" ">
            <subfield code="a">Stadtkirche St. Georg, Bibliothek</subfield>
            <subfield code="c">Schleiz</subfield>
            <subfield code="g">D-SZ</subfield>
         </datafield>
         <datafield tag="622" ind1=" " ind2=" ">
            <subfield code="e">Stadtkirche St. Georg, Bibliothek, Stadtkirchnerei, Kirchplatz 3, 07907 Schleiz, Germany</subfield>
            <subfield code="u">http://www.kirche-in-schleiz.de/evangelisch/index.html</subfield>
         </datafield>
      </record>