
      <record>
         <leader>00000nz  a2200169   4500</leader>
         <controlfield tag="001">30000105</controlfield>
         <controlfield tag="003">RISM</controlfield>
         <controlfield tag="005">20160216</controlfield>
         <controlfield tag="008">160216n||az|||||||##########||||||||||||</controlfield>
         <datafield tag="040" ind1=" " ind2=" ">
            <subfield code="a">D-TAB</subfield>
         </datafield>
         <datafield tag="043" ind1=" " ind2=" ">
            <subfield code="c">XA-DE</subfield>
         </datafield>
         <datafield tag="110" ind1="2" ind2=" ">
            <subfield code="a">Evangelisch-Lutherisches Pfarramt, Bibliothek</subfield>
            <subfield code="c">Tabarz</subfield>
            <subfield code="g">D-TAB</subfield>
         </datafield>
         <datafield tag="622" ind1=" " ind2=" ">
            <subfield code="e">Evangelisch-Lutherisches Pfarramt,,  Bibliothek, Walther-Rathenau-Straße 12, 99891 Tabarz, Germany</subfield>
            <subfield code="u">http://tabarz.blogspot.de/</subfield>
         </datafield>
      </record>