
      <record>
         <leader>00000nz  a2200169   4500</leader>
         <controlfield tag="001">30000130</controlfield>
         <controlfield tag="003">RISM</controlfield>
         <controlfield tag="005">20160216</controlfield>
         <controlfield tag="008">160216n||az|||||||##########||||||||||||</controlfield>
         <datafield tag="040" ind1=" " ind2=" ">
            <subfield code="a">D-TEG</subfield>
         </datafield>
         <datafield tag="043" ind1=" " ind2=" ">
            <subfield code="c">XA-DE</subfield>
         </datafield>
         <datafield tag="110" ind1="2" ind2=" ">
            <subfield code="a">Kath. Pfarrkirche St. Quirinus, Bibliothek</subfield>
            <subfield code="c">Tegernsee</subfield>
            <subfield code="g">D-TEG</subfield>
         </datafield>
         <datafield tag="622" ind1=" " ind2=" ">
            <subfield code="e">Kath. Pfarrkirche St. Quirinus,,  Bibliothek, Pfarramt, Schlossplatz 1, 83684 Tegernsee, Germany</subfield>
         </datafield>
      </record>