
      <record>
         <leader>00000nz  a2200169   4500</leader>
         <controlfield tag="001">30001019</controlfield>
         <controlfield tag="003">RISM</controlfield>
         <controlfield tag="005">20160216</controlfield>
         <controlfield tag="008">160216n||az|||||||##########||||||||||||</controlfield>
         <datafield tag="040" ind1=" " ind2=" ">
            <subfield code="a">D-TEGha</subfield>
         </datafield>
         <datafield tag="043" ind1=" " ind2=" ">
            <subfield code="c">XA-DE</subfield>
         </datafield>
         <datafield tag="110" ind1="2" ind2=" ">
            <subfield code="a">Schloss Tegernsee, Herzogliches Archiv</subfield>
            <subfield code="c">Tegernsee</subfield>
            <subfield code="g">D-TEGha</subfield>
         </datafield>
         <datafield tag="622" ind1=" " ind2=" ">
            <subfield code="e">Schloss Tegernsee, Herzogliches Archiv, 83684 Tegernsee, Germany</subfield>
         </datafield>
      </record>