
      <record>
         <leader>00000nz  a2200169   4500</leader>
         <controlfield tag="001">30001020</controlfield>
         <controlfield tag="003">RISM</controlfield>
         <controlfield tag="005">20160216</controlfield>
         <controlfield tag="008">160216n||az|||||||##########||||||||||||</controlfield>
         <datafield tag="040" ind1=" " ind2=" ">
            <subfield code="a">D-TEI</subfield>
         </datafield>
         <datafield tag="043" ind1=" " ind2=" ">
            <subfield code="c">XA-DE</subfield>
         </datafield>
         <datafield tag="110" ind1="2" ind2=" ">
            <subfield code="a">Katholisches Pfarramt St. Andreas, Pfarrbibliothek</subfield>
            <subfield code="c">Teisendorf</subfield>
            <subfield code="g">D-TEI</subfield>
         </datafield>
         <datafield tag="622" ind1=" " ind2=" ">
            <subfield code="e">Katholisches Pfarramt St. Andreas,,  Pfarrbibliothek, Poststr. 25, 83317 Teisendorf, Germany</subfield>
            <subfield code="u">https://www.erzbistum-muenchen.de/Pfarrei/Page001279.aspx</subfield>
         </datafield>
      </record>