
      <record>
         <leader>00000nz  a2200169   4500</leader>
         <controlfield tag="001">30001296</controlfield>
         <controlfield tag="003">RISM</controlfield>
         <controlfield tag="005">20160216</controlfield>
         <controlfield tag="008">160216n||az|||||||##########||||||||||||</controlfield>
         <datafield tag="040" ind1=" " ind2=" ">
            <subfield code="a">D-THA</subfield>
         </datafield>
         <datafield tag="043" ind1=" " ind2=" ">
            <subfield code="c">XA-DE</subfield>
         </datafield>
         <datafield tag="110" ind1="2" ind2=" ">
            <subfield code="a">Evangelische Kirchengemeinde Thamsbrück, Pfarrarchiv</subfield>
            <subfield code="c">Bad Langensalza-Thamsbrück</subfield>
            <subfield code="g">D-THA</subfield>
         </datafield>
         <datafield tag="622" ind1=" " ind2=" ">
            <subfield code="e">Evangelische Kirchengemeinde Thamsbrück,,  Pfarrarchiv, Große Pfarrgasse 2, 99947 Bad Langensalza-Thamsbrück, Germany</subfield>
            <subfield code="u">http://goo.gl/UyXo0y</subfield>
         </datafield>
      </record>