
      <record>
         <leader>00000nz  a2200169   4500</leader>
         <controlfield tag="001">30077474</controlfield>
         <controlfield tag="003">RISM</controlfield>
         <controlfield tag="005">20160216</controlfield>
         <controlfield tag="008">160216n||az|||||||##########||||||||||||</controlfield>
         <datafield tag="040" ind1=" " ind2=" ">
            <subfield code="a">D-Tkmz</subfield>
         </datafield>
         <datafield tag="043" ind1=" " ind2=" ">
            <subfield code="c">XA-DE</subfield>
         </datafield>
         <datafield tag="110" ind1="2" ind2=" ">
            <subfield code="a">Hochschule für Kirchenmusik der Evangelischen Landeskirche in Württemberg, Kirchenmusikalische Zentralbibliothek</subfield>
            <subfield code="c">Tübingen</subfield>
            <subfield code="g">D-Tkmz</subfield>
         </datafield>
         <datafield tag="622" ind1=" " ind2=" ">
            <subfield code="e">Hochschule für Kirchenmusik der,  Evangelischen Landeskirche in,  Württemberg, Kirchenmusikalische,  Zentralbibliothek, Gartenstraße 12, 72074 Tübingen, Germany</subfield>
            <subfield code="u">http://www.kirchenmusikhochschule.de/hochschule/einrichtungen/bibliothek/</subfield>
         </datafield>
      </record>