
      <record>
         <leader>00000nz  a2200169   4500</leader>
         <controlfield tag="001">30001014</controlfield>
         <controlfield tag="003">RISM</controlfield>
         <controlfield tag="005">20160216</controlfield>
         <controlfield tag="008">160216n||az|||||||##########||||||||||||</controlfield>
         <datafield tag="040" ind1=" " ind2=" ">
            <subfield code="a">D-Tl</subfield>
         </datafield>
         <datafield tag="043" ind1=" " ind2=" ">
            <subfield code="c">XA-DE</subfield>
         </datafield>
         <datafield tag="110" ind1="2" ind2=" ">
            <subfield code="a">Schwäbisches Landesmusikarchiv</subfield>
            <subfield code="c">Tübingen</subfield>
            <subfield code="g">D-Tl</subfield>
         </datafield>
         <datafield tag="410" ind1="2" ind2=" ">
            <subfield code="a">Schwäbisches Landesmusikarchiv am Musikwissenschaftlichen Institut der Universität</subfield>
         </datafield>
         <datafield tag="580" ind1=" " ind2=" ">
            <subfield code="x">D-Tmi</subfield>
            <subfield code="0">30001016</subfield>
         </datafield>
         <datafield tag="622" ind1=" " ind2=" ">
            <subfield code="e">Schwäbisches Landesmusikarchiv, Pfleghof, Schulberg 2, 72070 Tübingen, Germany</subfield>
            <subfield code="u">http://goo.gl/lz2K6j</subfield>
         </datafield>
      </record>