
      <record>
         <leader>00000nz  a2200169   4500</leader>
         <controlfield tag="001">30006389</controlfield>
         <controlfield tag="003">RISM</controlfield>
         <controlfield tag="005">20160216</controlfield>
         <controlfield tag="008">160216n||az|||||||##########||||||||||||</controlfield>
         <datafield tag="040" ind1=" " ind2=" ">
            <subfield code="a">D-TLm</subfield>
         </datafield>
         <datafield tag="043" ind1=" " ind2=" ">
            <subfield code="c">XA-DE</subfield>
         </datafield>
         <datafield tag="110" ind1="2" ind2=" ">
            <subfield code="a">Musikantenland-Museum</subfield>
            <subfield code="c">Thallichtenberg</subfield>
            <subfield code="g">D-TLm</subfield>
         </datafield>
         <datafield tag="622" ind1=" " ind2=" ">
            <subfield code="e">Musikantenland-Museum, Burg Lichtenberg - Zehntscheune, 66871 Thallichtenberg, Germany</subfield>
            <subfield code="u">http://pfaelzerbergland.de/musikantenland-museum-burg-lichtenberg-thallichtenberg.html</subfield>
         </datafield>
      </record>