
      <record>
         <leader>00000nz  a2200169   4500</leader>
         <controlfield tag="001">30001297</controlfield>
         <controlfield tag="003">RISM</controlfield>
         <controlfield tag="005">20160216</controlfield>
         <controlfield tag="008">160216n||az|||||||##########||||||||||||</controlfield>
         <datafield tag="040" ind1=" " ind2=" ">
            <subfield code="a">D-TO</subfield>
         </datafield>
         <datafield tag="043" ind1=" " ind2=" ">
            <subfield code="c">XA-DE</subfield>
         </datafield>
         <datafield tag="110" ind1="2" ind2=" ">
            <subfield code="a">Evangelische Kirchengemeinde, Johann-Walter-Kantorei, Bibliothek</subfield>
            <subfield code="c">Torgau</subfield>
            <subfield code="g">D-TO</subfield>
         </datafield>
         <datafield tag="622" ind1=" " ind2=" ">
            <subfield code="e">Evangelische Kirchengemeinde,,  Johann-Walter-Kantorei, Bibliothek, Wintergrüne 2, 04860 Torgau, Germany</subfield>
            <subfield code="u">http://www.evkirchetorgau.de/startseite/grusswort/</subfield>
         </datafield>
      </record>