
      <record>
         <leader>00000nz  a2200169   4500</leader>
         <controlfield tag="001">30001300</controlfield>
         <controlfield tag="003">RISM</controlfield>
         <controlfield tag="005">20160216</controlfield>
         <controlfield tag="008">160216n||az|||||||##########||||||||||||</controlfield>
         <datafield tag="040" ind1=" " ind2=" ">
            <subfield code="a">D-TRB</subfield>
         </datafield>
         <datafield tag="043" ind1=" " ind2=" ">
            <subfield code="c">XA-DE</subfield>
         </datafield>
         <datafield tag="110" ind1="2" ind2=" ">
            <subfield code="a">Gemeindebezirk Tröbnitz und Trockenborn, Pfarrarchiv</subfield>
            <subfield code="c">Trockenborn</subfield>
            <subfield code="g">D-TRB</subfield>
         </datafield>
         <datafield tag="622" ind1=" " ind2=" ">
            <subfield code="e">Gemeindebezirk Tröbnitz und Trockenborn,,  Pfarrarchiv, Evangelisches Regionalpfarramt,  Tälerdörfer, Dorfstraße 12, 07646 Trockenborn, Germany</subfield>
            <subfield code="u">http://goo.gl/tXPNGd</subfield>
         </datafield>
      </record>