
      <record>
         <leader>00000nz  a2200169   4500</leader>
         <controlfield tag="001">30070458</controlfield>
         <controlfield tag="003">RISM</controlfield>
         <controlfield tag="005">20160216</controlfield>
         <controlfield tag="008">160216n||az|||||||##########||||||||||||</controlfield>
         <datafield tag="040" ind1=" " ind2=" ">
            <subfield code="a">D-TROb</subfield>
         </datafield>
         <datafield tag="043" ind1=" " ind2=" ">
            <subfield code="c">XA-DE</subfield>
         </datafield>
         <datafield tag="110" ind1="2" ind2=" ">
            <subfield code="a">Bundesakademie für musikalische Jugendbildung, Bibliothek</subfield>
            <subfield code="c">Trossingen</subfield>
            <subfield code="g">D-TROb</subfield>
         </datafield>
         <datafield tag="622" ind1=" " ind2=" ">
            <subfield code="e">Bundesakademie für musikalische,  Jugendbildung, Bibliothek, Hugo-Herrmann-Straße 22, 78647 Trossingen, Germany</subfield>
            <subfield code="u">http://www.bundesakademie-trossingen.de</subfield>
         </datafield>
      </record>