
      <record>
         <leader>00000nz  a2200169   4500</leader>
         <controlfield tag="001">30001024</controlfield>
         <controlfield tag="003">RISM</controlfield>
         <controlfield tag="005">20160216</controlfield>
         <controlfield tag="008">160216n||az|||||||##########||||||||||||</controlfield>
         <datafield tag="040" ind1=" " ind2=" ">
            <subfield code="a">D-TRs</subfield>
         </datafield>
         <datafield tag="043" ind1=" " ind2=" ">
            <subfield code="c">XA-DE</subfield>
         </datafield>
         <datafield tag="110" ind1="2" ind2=" ">
            <subfield code="a">Stadtbibliothek Weberbach</subfield>
            <subfield code="c">Trier</subfield>
            <subfield code="g">D-TRs</subfield>
         </datafield>
         <datafield tag="622" ind1=" " ind2=" ">
            <subfield code="e">Stadtbibliothek Weberbach, Weberbach 25, 54290 Trier, Germany</subfield>
            <subfield code="u">http://www.stadtbibliothek-weberbach.de/Startseite/</subfield>
         </datafield>
      </record>