
      <record>
         <leader>00000nz  a2200169   4500</leader>
         <controlfield tag="001">30003818</controlfield>
         <controlfield tag="003">RISM</controlfield>
         <controlfield tag="005">20160216</controlfield>
         <controlfield tag="008">160216n||az|||||||##########||||||||||||</controlfield>
         <datafield tag="040" ind1=" " ind2=" ">
            <subfield code="a">D-TRZp</subfield>
         </datafield>
         <datafield tag="043" ind1=" " ind2=" ">
            <subfield code="c">XA-DE</subfield>
         </datafield>
         <datafield tag="110" ind1="2" ind2=" ">
            <subfield code="a">Evangelisches Pfarramt, Pfarrarchiv</subfield>
            <subfield code="c">Trebitz (Bad Schmiedeberg)</subfield>
            <subfield code="g">D-TRZp</subfield>
         </datafield>
         <datafield tag="622" ind1=" " ind2=" ">
            <subfield code="e">Evangelisches Pfarramt, Pfarrarchiv, c/o Ev. Kirchengemeinde Bad Schmiedeberg, Kirchstr. 4-5, 06905 Bad Schmiedeberg, Germany</subfield>
            <subfield code="u">http://www.evkirche-bad-schmiedeberg.de/</subfield>
         </datafield>
      </record>