
      <record>
         <leader>00000nz  a2200169   4500</leader>
         <controlfield tag="001">30002831</controlfield>
         <controlfield tag="003">RISM</controlfield>
         <controlfield tag="005">20160216</controlfield>
         <controlfield tag="008">160216n||az|||||||##########||||||||||||</controlfield>
         <datafield tag="040" ind1=" " ind2=" ">
            <subfield code="a">D-Tsk</subfield>
         </datafield>
         <datafield tag="043" ind1=" " ind2=" ">
            <subfield code="c">XA-DE</subfield>
         </datafield>
         <datafield tag="110" ind1="2" ind2=" ">
            <subfield code="a">Stiftskirche, Bibliothek</subfield>
            <subfield code="c">Tübingen</subfield>
            <subfield code="g">D-Tsk</subfield>
         </datafield>
         <datafield tag="622" ind1=" " ind2=" ">
            <subfield code="e">Stiftskirche, Bibliothek, Kantorat, Am Markt 7, 72070 Tübingen, Germany</subfield>
            <subfield code="u">http://www.stiftskirche-tuebingen.de/Kirchenmusik/Kantorei.html</subfield>
         </datafield>
      </record>