
      <record>
         <leader>00000nz  a2200169   4500</leader>
         <controlfield tag="001">30001017</controlfield>
         <controlfield tag="003">RISM</controlfield>
         <controlfield tag="005">20160216</controlfield>
         <controlfield tag="008">160216n||az|||||||##########||||||||||||</controlfield>
         <datafield tag="040" ind1=" " ind2=" ">
            <subfield code="a">D-Tu</subfield>
         </datafield>
         <datafield tag="043" ind1=" " ind2=" ">
            <subfield code="c">XA-DE</subfield>
         </datafield>
         <datafield tag="110" ind1="2" ind2=" ">
            <subfield code="a">Universitätsbibliothek der Eberhard Karls Universität</subfield>
            <subfield code="c">Tübingen</subfield>
            <subfield code="g">D-Tu</subfield>
         </datafield>
         <datafield tag="622" ind1=" " ind2=" ">
            <subfield code="e">Universitätsbibliothek der Eberhard,  Karls Universität, Wilhelmstraße 32, 72074 Tübingen, Germany</subfield>
            <subfield code="u">http://www.ub.uni-tuebingen.de/</subfield>
         </datafield>
      </record>