
      <record>
         <leader>00000nz  a2200169   4500</leader>
         <controlfield tag="001">30001018</controlfield>
         <controlfield tag="003">RISM</controlfield>
         <controlfield tag="005">20160216</controlfield>
         <controlfield tag="008">160216n||az|||||||##########||||||||||||</controlfield>
         <datafield tag="040" ind1=" " ind2=" ">
            <subfield code="a">D-Tw</subfield>
         </datafield>
         <datafield tag="043" ind1=" " ind2=" ">
            <subfield code="c">XA-DE</subfield>
         </datafield>
         <datafield tag="110" ind1="2" ind2=" ">
            <subfield code="a">Wilhelmsstift, Bibliothek</subfield>
            <subfield code="c">Tübingen</subfield>
            <subfield code="g">D-Tw</subfield>
         </datafield>
         <datafield tag="622" ind1=" " ind2=" ">
            <subfield code="e">Wilhelmsstift, Bibliothek, Collegiumsgasse 5, 72070 Tübingen, Germany</subfield>
            <subfield code="u">http://www.wilhelmsstift.de/index.php</subfield>
         </datafield>
      </record>