
      <record>
         <leader>00000nz  a2200169   4500</leader>
         <controlfield tag="001">30001027</controlfield>
         <controlfield tag="003">RISM</controlfield>
         <controlfield tag="005">20160216</controlfield>
         <controlfield tag="008">160216n||az|||||||##########||||||||||||</controlfield>
         <datafield tag="040" ind1=" " ind2=" ">
            <subfield code="a">D-Ü</subfield>
         </datafield>
         <datafield tag="043" ind1=" " ind2=" ">
            <subfield code="c">XA-DE</subfield>
         </datafield>
         <datafield tag="110" ind1="2" ind2=" ">
            <subfield code="a">Leopold-Sophien-Bibliothek</subfield>
            <subfield code="c">Überlingen am Bodensee</subfield>
            <subfield code="g">D-Ü</subfield>
         </datafield>
         <datafield tag="622" ind1=" " ind2=" ">
            <subfield code="e">Leopold-Sophien-Bibliothek, Fachbereich I - Kultur, Steinhausgasse 1, 88662 Überlingen am Bodensee, Germany</subfield>
            <subfield code="u">http://www.ueberlingen.de/Bildung_Kultur/L_S_Bibliothek/</subfield>
         </datafield>
      </record>