
      <record>
         <leader>00000nz  a2200169   4500</leader>
         <controlfield tag="001">30061585</controlfield>
         <controlfield tag="003">RISM</controlfield>
         <controlfield tag="005">20160216</controlfield>
         <controlfield tag="008">160216n||az|||||||##########||||||||||||</controlfield>
         <datafield tag="040" ind1=" " ind2=" ">
            <subfield code="a">D-Ua</subfield>
         </datafield>
         <datafield tag="043" ind1=" " ind2=" ">
            <subfield code="c">XA-DE</subfield>
         </datafield>
         <datafield tag="110" ind1="2" ind2=" ">
            <subfield code="a">Haus der Stadtgeschichte - Stadtarchiv</subfield>
            <subfield code="c">Ulm</subfield>
            <subfield code="g">D-Ua</subfield>
         </datafield>
         <datafield tag="622" ind1=" " ind2=" ">
            <subfield code="e">Haus der Stadtgeschichte - Stadtarchiv, Schwörhaus, Weinhof 12, 89073 Ulm, Germany</subfield>
            <subfield code="u">http://www.stadtarchiv.ulm.de</subfield>
         </datafield>
      </record>