
      <record>
         <leader>00000nz  a2200169   4500</leader>
         <controlfield tag="001">30002948</controlfield>
         <controlfield tag="003">RISM</controlfield>
         <controlfield tag="005">20160216</controlfield>
         <controlfield tag="008">160216n||az|||||||##########||||||||||||</controlfield>
         <datafield tag="040" ind1=" " ind2=" ">
            <subfield code="a">D-ULOQ</subfield>
         </datafield>
         <datafield tag="043" ind1=" " ind2=" ">
            <subfield code="c">XA-DE</subfield>
         </datafield>
         <datafield tag="110" ind1="2" ind2=" ">
            <subfield code="a">Evangelisch-Lutherische Kirchengemeinde Unterloquitz, Pfarrarchiv</subfield>
            <subfield code="c">Unterloquitz (Probstzella)</subfield>
            <subfield code="g">D-ULOQ</subfield>
         </datafield>
         <datafield tag="622" ind1=" " ind2=" ">
            <subfield code="e">Evangelisch-Lutherische Kirchengemeinde,  Unterloquitz, Pfarrarchiv, c/o Pfarramt Probstzella, Obere Gasse 3, 07330 Probstzella, Germany</subfield>
            <subfield code="u">http://evangelisch-lutherische-kirchengemeinde-probstzella.de/index.php</subfield>
         </datafield>
      </record>