
      <record>
         <leader>00000nz  a2200169   4500</leader>
         <controlfield tag="001">30001029</controlfield>
         <controlfield tag="003">RISM</controlfield>
         <controlfield tag="005">20160216</controlfield>
         <controlfield tag="008">160216n||az|||||||##########||||||||||||</controlfield>
         <datafield tag="040" ind1=" " ind2=" ">
            <subfield code="a">D-URS</subfield>
         </datafield>
         <datafield tag="043" ind1=" " ind2=" ">
            <subfield code="c">XA-DE</subfield>
         </datafield>
         <datafield tag="110" ind1="2" ind2=" ">
            <subfield code="a">St. Josefskongregation, Orden der Franziskanerinnen</subfield>
            <subfield code="c">Ursberg</subfield>
            <subfield code="g">D-URS</subfield>
         </datafield>
         <datafield tag="622" ind1=" " ind2=" ">
            <subfield code="e">St. Josefskongregation, Orden der,  Franziskanerinnen, Klosterhof 2, 86513 Ursberg, Germany</subfield>
            <subfield code="u">http://www.st-josefskongregation-ursberg.de/index.php</subfield>
         </datafield>
      </record>