
      <record>
         <leader>00000nz  a2200169   4500</leader>
         <controlfield tag="001">30002949</controlfield>
         <controlfield tag="003">RISM</controlfield>
         <controlfield tag="005">20160216</controlfield>
         <controlfield tag="008">160216n||az|||||||##########||||||||||||</controlfield>
         <datafield tag="040" ind1=" " ind2=" ">
            <subfield code="a">D-USD</subfield>
         </datafield>
         <datafield tag="043" ind1=" " ind2=" ">
            <subfield code="c">XA-DE</subfield>
         </datafield>
         <datafield tag="110" ind1="2" ind2=" ">
            <subfield code="a">Evangelisches Pfarramt</subfield>
            <subfield code="c">Usedom</subfield>
            <subfield code="g">D-USD</subfield>
         </datafield>
         <datafield tag="622" ind1=" " ind2=" ">
            <subfield code="e">Evangelisches Pfarramt, Markt 20, 17406 Usedom, Germany</subfield>
            <subfield code="u">https://www.usedom-kirche.de/</subfield>
         </datafield>
      </record>