
      <record>
         <leader>00000nz  a2200169   4500</leader>
         <controlfield tag="001">30001031</controlfield>
         <controlfield tag="003">RISM</controlfield>
         <controlfield tag="005">20160216</controlfield>
         <controlfield tag="008">160216n||az|||||||##########||||||||||||</controlfield>
         <datafield tag="040" ind1=" " ind2=" ">
            <subfield code="a">D-V</subfield>
         </datafield>
         <datafield tag="043" ind1=" " ind2=" ">
            <subfield code="c">XA-DE</subfield>
         </datafield>
         <datafield tag="110" ind1="2" ind2=" ">
            <subfield code="a">Franziskanermuseum</subfield>
            <subfield code="c">Villingen-Schwenningen</subfield>
            <subfield code="g">D-V</subfield>
         </datafield>
         <datafield tag="410" ind1="2" ind2=" ">
            <subfield code="a">Städtische Sammlungen</subfield>
         </datafield>
         <datafield tag="410" ind1="2" ind2=" ">
            <subfield code="a">Städtische Altertümersammlung</subfield>
         </datafield>
         <datafield tag="622" ind1=" " ind2=" ">
            <subfield code="e">Franziskanermuseum, Stadtbezirk Villingen, Rietgasse 2, 78050 Villingen-Schwenningen, Germany</subfield>
            <subfield code="u">http://goo.gl/zfCrmL</subfield>
         </datafield>
      </record>