
      <record>
         <leader>00000nz  a2200169   4500</leader>
         <controlfield tag="001">30077999</controlfield>
         <controlfield tag="003">RISM</controlfield>
         <controlfield tag="005">20160216</controlfield>
         <controlfield tag="008">160216n||az|||||||##########||||||||||||</controlfield>
         <datafield tag="040" ind1=" " ind2=" ">
            <subfield code="a">D-VAI</subfield>
         </datafield>
         <datafield tag="043" ind1=" " ind2=" ">
            <subfield code="c">XA-DE</subfield>
         </datafield>
         <datafield tag="110" ind1="2" ind2=" ">
            <subfield code="a">Stadtarchiv</subfield>
            <subfield code="c">Vaihingen an der Enz</subfield>
            <subfield code="g">D-VAI</subfield>
         </datafield>
         <datafield tag="622" ind1=" " ind2=" ">
            <subfield code="e">Stadtarchiv, Spitalstr. 8, 71665 Vaihingen an der Enz, Germany</subfield>
            <subfield code="u">http://www.vaihingen.de/d/2365</subfield>
         </datafield>
      </record>