
      <record>
         <leader>00000nz  a2200169   4500</leader>
         <controlfield tag="001">30070512</controlfield>
         <controlfield tag="003">RISM</controlfield>
         <controlfield tag="005">20160216</controlfield>
         <controlfield tag="008">160216n||az|||||||##########||||||||||||</controlfield>
         <datafield tag="040" ind1=" " ind2=" ">
            <subfield code="a">D-VRhm</subfield>
         </datafield>
         <datafield tag="043" ind1=" " ind2=" ">
            <subfield code="c">XA-DE</subfield>
         </datafield>
         <datafield tag="110" ind1="2" ind2=" ">
            <subfield code="a">Hamaland-Museum</subfield>
            <subfield code="c">Vreden</subfield>
            <subfield code="g">D-VRhm</subfield>
         </datafield>
         <datafield tag="622" ind1=" " ind2=" ">
            <subfield code="e">Hamaland-Museum, Butenwall 4, 48691 Vreden, Germany</subfield>
            <subfield code="u">http://www.hamaland-museum.de</subfield>
         </datafield>
      </record>