
      <record>
         <leader>00000nz  a2200169   4500</leader>
         <controlfield tag="001">30004175</controlfield>
         <controlfield tag="003">RISM</controlfield>
         <controlfield tag="005">20160216</controlfield>
         <controlfield tag="008">160216n||az|||||||##########||||||||||||</controlfield>
         <datafield tag="040" ind1=" " ind2=" ">
            <subfield code="a">D-VSs</subfield>
         </datafield>
         <datafield tag="043" ind1=" " ind2=" ">
            <subfield code="c">XA-DE</subfield>
         </datafield>
         <datafield tag="110" ind1="2" ind2=" ">
            <subfield code="a">Stadtbibliothek, Musikabteilung</subfield>
            <subfield code="c">Viersen</subfield>
            <subfield code="g">D-VSs</subfield>
         </datafield>
         <datafield tag="622" ind1=" " ind2=" ">
            <subfield code="e">Stadtbibliothek, Musikabteilung, Stadthaus, Rathausmarkt 1b, 41747 Viersen, Germany</subfield>
            <subfield code="u">https://www.viersen.de/de/inhalt/stadtbibliothek-viersen/</subfield>
         </datafield>
      </record>