
      <record>
         <leader>00000nz  a2200169   4500</leader>
         <controlfield tag="001">30001032</controlfield>
         <controlfield tag="003">RISM</controlfield>
         <controlfield tag="005">20160216</controlfield>
         <controlfield tag="008">160216n||az|||||||##########||||||||||||</controlfield>
         <datafield tag="040" ind1=" " ind2=" ">
            <subfield code="a">D-W</subfield>
         </datafield>
         <datafield tag="043" ind1=" " ind2=" ">
            <subfield code="c">XA-DE</subfield>
         </datafield>
         <datafield tag="110" ind1="2" ind2=" ">
            <subfield code="a">Herzog August Bibliothek</subfield>
            <subfield code="c">Wolfenbüttel</subfield>
            <subfield code="g">D-W</subfield>
         </datafield>
         <datafield tag="622" ind1=" " ind2=" ">
            <subfield code="e">Herzog August Bibliothek, Lessingplatz 1, 38304 Wolfenbüttel, Germany</subfield>
            <subfield code="u">http://www.hab.de</subfield>
         </datafield>
      </record>