
      <record>
         <leader>00000nz  a2200169   4500</leader>
         <controlfield tag="001">30001301</controlfield>
         <controlfield tag="003">RISM</controlfield>
         <controlfield tag="005">20160216</controlfield>
         <controlfield tag="008">160216n||az|||||||##########||||||||||||</controlfield>
         <datafield tag="040" ind1=" " ind2=" ">
            <subfield code="a">D-WA</subfield>
         </datafield>
         <datafield tag="043" ind1=" " ind2=" ">
            <subfield code="c">XA-DE</subfield>
         </datafield>
         <datafield tag="110" ind1="2" ind2=" ">
            <subfield code="a">Stadtkirche St. Nicolai, Bibliothek</subfield>
            <subfield code="c">Waldheim</subfield>
            <subfield code="g">D-WA</subfield>
         </datafield>
         <datafield tag="622" ind1=" " ind2=" ">
            <subfield code="e">Stadtkirche St. Nicolai, Bibliothek, Ev.-Luth. St.-Nicolai-Kirchgemeinde, Am Schulberg 2, 04736 Waldheim (Sachsen), Germany</subfield>
            <subfield code="u">http://www.kirche-region-waldheim.de/</subfield>
         </datafield>
      </record>