
      <record>
         <leader>00000nz  a2200169   4500</leader>
         <controlfield tag="001">30000107</controlfield>
         <controlfield tag="003">RISM</controlfield>
         <controlfield tag="005">20160216</controlfield>
         <controlfield tag="008">160216n||az|||||||##########||||||||||||</controlfield>
         <datafield tag="040" ind1=" " ind2=" ">
            <subfield code="a">D-WAB</subfield>
         </datafield>
         <datafield tag="043" ind1=" " ind2=" ">
            <subfield code="c">XA-DE</subfield>
         </datafield>
         <datafield tag="110" ind1="2" ind2=" ">
            <subfield code="a">St. Bartholomäus, Kantoreiarchiv</subfield>
            <subfield code="c">Waldenburg</subfield>
            <subfield code="g">D-WAB</subfield>
         </datafield>
         <datafield tag="622" ind1=" " ind2=" ">
            <subfield code="e">St. Bartholomäus, Kantoreiarchiv, Ev.-Luth. Kirchgemeinde, August-Bebel-Str. 2, 08396 Waldenburg (Sachsen), Germany</subfield>
            <subfield code="u">http://goo.gl/9Q3lCM</subfield>
         </datafield>
      </record>