
      <record>
         <leader>00000nz  a2200169   4500</leader>
         <controlfield tag="001">30003709</controlfield>
         <controlfield tag="003">RISM</controlfield>
         <controlfield tag="005">20160216</controlfield>
         <controlfield tag="008">160216n||az|||||||##########||||||||||||</controlfield>
         <datafield tag="040" ind1=" " ind2=" ">
            <subfield code="a">D-WAG</subfield>
         </datafield>
         <datafield tag="043" ind1=" " ind2=" ">
            <subfield code="c">XA-DE</subfield>
         </datafield>
         <datafield tag="110" ind1="2" ind2=" ">
            <subfield code="a">Katholische Kirche St. Martin, Bücherei</subfield>
            <subfield code="c">Waging am See</subfield>
            <subfield code="g">D-WAG</subfield>
         </datafield>
         <datafield tag="622" ind1=" " ind2=" ">
            <subfield code="e">Katholische Kirche St. Martin, Bücherei, Seestraße 6, 83329 Waging am See, Germany</subfield>
            <subfield code="u">http://www.buecherei-waging.de/</subfield>
         </datafield>
      </record>