
      <record>
         <leader>00000nz  a2200169   4500</leader>
         <controlfield tag="001">30001033</controlfield>
         <controlfield tag="003">RISM</controlfield>
         <controlfield tag="005">20160216</controlfield>
         <controlfield tag="008">160216n||az|||||||##########||||||||||||</controlfield>
         <datafield tag="040" ind1=" " ind2=" ">
            <subfield code="a">D-WALD</subfield>
         </datafield>
         <datafield tag="043" ind1=" " ind2=" ">
            <subfield code="c">XA-DE</subfield>
         </datafield>
         <datafield tag="110" ind1="2" ind2=" ">
            <subfield code="a">Evangelische Kirchengemeinde Walddorfhäslach, Pfarrbibliothek</subfield>
            <subfield code="c">Walddorfhäslach</subfield>
            <subfield code="g">D-WALD</subfield>
         </datafield>
         <datafield tag="622" ind1=" " ind2=" ">
            <subfield code="e">Evangelische Kirchengemeinde,  Walddorfhäslach, Pfarrbibliothek, Pfarramt I, Gustav-Werner-Straße 5, 72141 Walddorfhäslach, Germany</subfield>
            <subfield code="u">http://www.kirche-wh.de/</subfield>
         </datafield>
      </record>