
      <record>
         <leader>00000nz  a2200169   4500</leader>
         <controlfield tag="001">30001034</controlfield>
         <controlfield tag="003">RISM</controlfield>
         <controlfield tag="005">20160216</controlfield>
         <controlfield tag="008">160216n||az|||||||##########||||||||||||</controlfield>
         <datafield tag="040" ind1=" " ind2=" ">
            <subfield code="a">D-WALL</subfield>
         </datafield>
         <datafield tag="043" ind1=" " ind2=" ">
            <subfield code="c">XA-DE</subfield>
         </datafield>
         <datafield tag="110" ind1="2" ind2=" ">
            <subfield code="a">Kath. Pfarramt Mariä Himmelfahrt</subfield>
            <subfield code="c">Walleshausen (Geltendorf)</subfield>
            <subfield code="g">D-WALL</subfield>
         </datafield>
         <datafield tag="622" ind1=" " ind2=" ">
            <subfield code="e">Kath. Pfarramt Mariä Himmelfahrt, Kardinal-Brandmüller-Platz 1, 82269 Walleshausen (Geltendorf), Germany</subfield>
            <subfield code="u">http://www.pfarrei-walleshausen.de/</subfield>
         </datafield>
      </record>