
      <record>
         <leader>00000nz  a2200169   4500</leader>
         <controlfield tag="001">30078267</controlfield>
         <controlfield tag="003">RISM</controlfield>
         <controlfield tag="005">20160216</controlfield>
         <controlfield tag="008">160216n||az|||||||##########||||||||||||</controlfield>
         <datafield tag="040" ind1=" " ind2=" ">
            <subfield code="a">D-WALS</subfield>
         </datafield>
         <datafield tag="043" ind1=" " ind2=" ">
            <subfield code="c">XA-DE</subfield>
         </datafield>
         <datafield tag="110" ind1="2" ind2=" ">
            <subfield code="a">Kloster Walsrode, Archiv</subfield>
            <subfield code="c">Walsrode</subfield>
            <subfield code="g">D-WALS</subfield>
         </datafield>
         <datafield tag="622" ind1=" " ind2=" ">
            <subfield code="e">Kloster Walsrode, Archiv, Kirchplatz 2, 29664 Walsrode, Germany</subfield>
            <subfield code="u">http://www.kloster-walsrode.de/de/home.html</subfield>
         </datafield>
      </record>