
      <record>
         <leader>00000nz  a2200169   4500</leader>
         <controlfield tag="001">30001303</controlfield>
         <controlfield tag="003">RISM</controlfield>
         <controlfield tag="005">20160216</controlfield>
         <controlfield tag="008">160216n||az|||||||##########||||||||||||</controlfield>
         <datafield tag="040" ind1=" " ind2=" ">
            <subfield code="a">D-WAU</subfield>
         </datafield>
         <datafield tag="043" ind1=" " ind2=" ">
            <subfield code="c">XA-DE</subfield>
         </datafield>
         <datafield tag="110" ind1="2" ind2=" ">
            <subfield code="a">Stadtkirche St. Marien, Pfarrarchiv</subfield>
            <subfield code="c">Werdau</subfield>
            <subfield code="g">D-WAU</subfield>
         </datafield>
         <datafield tag="622" ind1=" " ind2=" ">
            <subfield code="e">Stadtkirche St. Marien, Pfarrarchiv, Ev.-Luth. Pfarramt, Burgstraße 32, 08412 Werdau, Germany</subfield>
            <subfield code="u">http://www.kirche-werdau.de/</subfield>
         </datafield>
      </record>