
      <record>
         <leader>00000nz  a2200169   4500</leader>
         <controlfield tag="001">30001035</controlfield>
         <controlfield tag="003">RISM</controlfield>
         <controlfield tag="005">20160216</controlfield>
         <controlfield tag="008">160216n||az|||||||##########||||||||||||</controlfield>
         <datafield tag="040" ind1=" " ind2=" ">
            <subfield code="a">D-WB</subfield>
         </datafield>
         <datafield tag="043" ind1=" " ind2=" ">
            <subfield code="c">XA-DE</subfield>
         </datafield>
         <datafield tag="110" ind1="2" ind2=" ">
            <subfield code="a">Stadtbibliothek in der Alten Post</subfield>
            <subfield code="c">Weißenburg in Bayern</subfield>
            <subfield code="g">D-WB</subfield>
         </datafield>
         <datafield tag="410" ind1="2" ind2=" ">
            <subfield code="a">Kreisbücherei</subfield>
         </datafield>
         <datafield tag="622" ind1=" " ind2=" ">
            <subfield code="e">Stadtbibliothek in der Alten Post, Friedrich-Ebert-Str. 20, 91781 Weißenburg in Bayern, Germany</subfield>
            <subfield code="u">https://www.weissenburg.de/stadtbibliothek/</subfield>
         </datafield>
      </record>