
      <record>
         <leader>00000nz  a2200169   4500</leader>
         <controlfield tag="001">30004179</controlfield>
         <controlfield tag="003">RISM</controlfield>
         <controlfield tag="005">20160216</controlfield>
         <controlfield tag="008">160216n||az|||||||##########||||||||||||</controlfield>
         <datafield tag="040" ind1=" " ind2=" ">
            <subfield code="a">D-WBG</subfield>
         </datafield>
         <datafield tag="043" ind1=" " ind2=" ">
            <subfield code="c">XA-DE</subfield>
         </datafield>
         <datafield tag="110" ind1="2" ind2=" ">
            <subfield code="a">Stadtbibliothek, Musikbibliothek</subfield>
            <subfield code="c">Wolfsburg</subfield>
            <subfield code="g">D-WBG</subfield>
         </datafield>
         <datafield tag="410" ind1="2" ind2=" ">
            <subfield code="a">früher: Stadtbücherei</subfield>
         </datafield>
         <datafield tag="622" ind1=" " ind2=" ">
            <subfield code="e">Stadtbibliothek, Musikbibliothek, Alvar-Aalto-Kulturhaus, Porschestr. 51, 38440 Wolfsburg, Germany</subfield>
            <subfield code="u">http://www.wolfsburg.de/stadtbibliothek</subfield>
         </datafield>
      </record>