
      <record>
         <leader>00000nz  a2200169   4500</leader>
         <controlfield tag="001">30002840</controlfield>
         <controlfield tag="003">RISM</controlfield>
         <controlfield tag="005">20160216</controlfield>
         <controlfield tag="008">160216n||az|||||||##########||||||||||||</controlfield>
         <datafield tag="040" ind1=" " ind2=" ">
            <subfield code="a">D-WBR</subfield>
         </datafield>
         <datafield tag="043" ind1=" " ind2=" ">
            <subfield code="c">XA-DE</subfield>
         </datafield>
         <datafield tag="110" ind1="2" ind2=" ">
            <subfield code="a">Tersteegenhaus</subfield>
            <subfield code="c">Waldbröl-Rölefeld</subfield>
            <subfield code="g">D-WBR</subfield>
         </datafield>
         <datafield tag="622" ind1=" " ind2=" ">
            <subfield code="e">Tersteegenhaus, 51545 Waldbröl-Rölefeld, Germany</subfield>
         </datafield>
      </record>