
      <record>
         <leader>00000nz  a2200169   4500</leader>
         <controlfield tag="001">30080527</controlfield>
         <controlfield tag="003">RISM</controlfield>
         <controlfield tag="005">20160216</controlfield>
         <controlfield tag="008">160216n||az|||||||##########||||||||||||</controlfield>
         <datafield tag="040" ind1=" " ind2=" ">
            <subfield code="a">D-WBsta</subfield>
         </datafield>
         <datafield tag="043" ind1=" " ind2=" ">
            <subfield code="c">XA-DE</subfield>
         </datafield>
         <datafield tag="110" ind1="2" ind2=" ">
            <subfield code="a">Stadtarchiv</subfield>
            <subfield code="c">Weißenburg in Bayern</subfield>
            <subfield code="g">D-WBsta</subfield>
         </datafield>
         <datafield tag="622" ind1=" " ind2=" ">
            <subfield code="e">Stadtarchiv, Marktplatz 19, 91781 Weißenburg in Bayern, Germany</subfield>
            <subfield code="u">https://www.weissenburg.de/stadtarchiv/</subfield>
         </datafield>
      </record>