
      <record>
         <leader>00000nz  a2200169   4500</leader>
         <controlfield tag="001">30001037</controlfield>
         <controlfield tag="003">RISM</controlfield>
         <controlfield tag="005">20160216</controlfield>
         <controlfield tag="008">160216n||az|||||||##########||||||||||||</controlfield>
         <datafield tag="040" ind1=" " ind2=" ">
            <subfield code="a">D-WD</subfield>
         </datafield>
         <datafield tag="043" ind1=" " ind2=" ">
            <subfield code="c">XA-DE</subfield>
         </datafield>
         <datafield tag="110" ind1="2" ind2=" ">
            <subfield code="a">Musiksammlung der Grafen von Schönborn-Wiesentheid</subfield>
            <subfield code="c">Wiesentheid</subfield>
            <subfield code="g">D-WD</subfield>
         </datafield>
         <datafield tag="410" ind1="2" ind2=" ">
            <subfield code="a">Gräflich von Schönbornsche Musikbibliothek</subfield>
         </datafield>
         <datafield tag="622" ind1=" " ind2=" ">
            <subfield code="e">Musiksammlung der Grafen von,  Schönborn-Wiesentheid, Hauptverwaltung, Schlossplatz 1, 97353 Wiesentheid, Germany</subfield>
            <subfield code="u">http://www.schoenborn.de/kontakt.html</subfield>
         </datafield>
      </record>