
      <record>
         <leader>00000nz  a2200169   4500</leader>
         <controlfield tag="001">30006096</controlfield>
         <controlfield tag="003">RISM</controlfield>
         <controlfield tag="005">20160216</controlfield>
         <controlfield tag="008">160216n||az|||||||##########||||||||||||</controlfield>
         <datafield tag="040" ind1=" " ind2=" ">
            <subfield code="a">D-WDFk</subfield>
         </datafield>
         <datafield tag="043" ind1=" " ind2=" ">
            <subfield code="c">XA-DE</subfield>
         </datafield>
         <datafield tag="110" ind1="2" ind2=" ">
            <subfield code="a">Kantoreiarchiv</subfield>
            <subfield code="c">Kottmar-Walddorf</subfield>
            <subfield code="g">D-WDFk</subfield>
         </datafield>
         <datafield tag="622" ind1=" " ind2=" ">
            <subfield code="e">Kantoreiarchiv, Pfarramt, Martin-Luther-Str. 4, 02739 Kottmar-Walddorf, Germany</subfield>
            <subfield code="u">http://www.kirchgemeinde-eibau.de/</subfield>
         </datafield>
      </record>