
      <record>
         <leader>00000nz  a2200169   4500</leader>
         <controlfield tag="001">30003822</controlfield>
         <controlfield tag="003">RISM</controlfield>
         <controlfield tag="005">20160216</controlfield>
         <controlfield tag="008">160216n||az|||||||##########||||||||||||</controlfield>
         <datafield tag="040" ind1=" " ind2=" ">
            <subfield code="a">D-WEBp</subfield>
         </datafield>
         <datafield tag="043" ind1=" " ind2=" ">
            <subfield code="c">XA-DE</subfield>
         </datafield>
         <datafield tag="110" ind1="2" ind2=" ">
            <subfield code="a">Kirchengemeindeverband Gössitz-Wernburg, Pfarrarchiv</subfield>
            <subfield code="c">Wernburg</subfield>
            <subfield code="g">D-WEBp</subfield>
         </datafield>
         <datafield tag="622" ind1=" " ind2=" ">
            <subfield code="e">Kirchengemeindeverband Gössitz-Wernburg,,  Pfarrarchiv, Schleizer Straße 22, 07381 Wernburg, Germany</subfield>
            <subfield code="u">http://www.kirchenkreis-schleiz.de/</subfield>
         </datafield>
      </record>