
      <record>
         <leader>00000nz  a2200169   4500</leader>
         <controlfield tag="001">30076676</controlfield>
         <controlfield tag="003">RISM</controlfield>
         <controlfield tag="005">20160216</controlfield>
         <controlfield tag="008">160216n||az|||||||##########||||||||||||</controlfield>
         <datafield tag="040" ind1=" " ind2=" ">
            <subfield code="a">D-WEE</subfield>
         </datafield>
         <datafield tag="043" ind1=" " ind2=" ">
            <subfield code="c">XA-DE</subfield>
         </datafield>
         <datafield tag="110" ind1="2" ind2=" ">
            <subfield code="a">Organeum</subfield>
            <subfield code="c">Weener</subfield>
            <subfield code="g">D-WEE</subfield>
         </datafield>
         <datafield tag="622" ind1=" " ind2=" ">
            <subfield code="e">Organeum, Norderstraße 18, 26826 Weener, Germany</subfield>
            <subfield code="u">http://www.ostfriesischelandschaft.de/447.html</subfield>
         </datafield>
      </record>