
      <record>
         <leader>00000nz  a2200169   4500</leader>
         <controlfield tag="001">30001040</controlfield>
         <controlfield tag="003">RISM</controlfield>
         <controlfield tag="005">20160216</controlfield>
         <controlfield tag="008">160216n||az|||||||##########||||||||||||</controlfield>
         <datafield tag="040" ind1=" " ind2=" ">
            <subfield code="a">D-WEH</subfield>
         </datafield>
         <datafield tag="043" ind1=" " ind2=" ">
            <subfield code="c">XA-DE</subfield>
         </datafield>
         <datafield tag="110" ind1="2" ind2=" ">
            <subfield code="a">Mennonitische Forschungsstelle Weierhof</subfield>
            <subfield code="c">Bolanden-Weierhof</subfield>
            <subfield code="g">D-WEH</subfield>
         </datafield>
         <datafield tag="410" ind1="2" ind2=" ">
            <subfield code="a">Mennonitischer Geschichtsverein e. V.</subfield>
         </datafield>
         <datafield tag="622" ind1=" " ind2=" ">
            <subfield code="e">Mennonitische Forschungsstelle Weierhof, Am Hollerbunnen 2a, 67295 Bolanden-Weierhof, Germany</subfield>
            <subfield code="u">http://www.mennonitischer-geschichtsverein.de/index.html</subfield>
         </datafield>
      </record>