
      <record>
         <leader>00000nz  a2200169   4500</leader>
         <controlfield tag="001">30001041</controlfield>
         <controlfield tag="003">RISM</controlfield>
         <controlfield tag="005">20160216</controlfield>
         <controlfield tag="008">160216n||az|||||||##########||||||||||||</controlfield>
         <datafield tag="040" ind1=" " ind2=" ">
            <subfield code="a">D-WEIs</subfield>
         </datafield>
         <datafield tag="043" ind1=" " ind2=" ">
            <subfield code="c">XA-DE</subfield>
         </datafield>
         <datafield tag="110" ind1="2" ind2=" ">
            <subfield code="a">Stadtmuseum</subfield>
            <subfield code="c">Weilheim in Oberbayern</subfield>
            <subfield code="g">D-WEIs</subfield>
         </datafield>
         <datafield tag="622" ind1=" " ind2=" ">
            <subfield code="e">Stadtmuseum, Admiral-Hipper-Straße 20, 82362 Weilheim in Oberbayern, Germany</subfield>
            <subfield code="u">http://weilheim.de/mein-weilheim/buergerservice/staedtische-einrichtungen/stadtmuseum</subfield>
         </datafield>
      </record>