
      <record>
         <leader>00000nz  a2200169   4500</leader>
         <controlfield tag="001">30001042</controlfield>
         <controlfield tag="003">RISM</controlfield>
         <controlfield tag="005">20160216</controlfield>
         <controlfield tag="008">160216n||az|||||||##########||||||||||||</controlfield>
         <datafield tag="040" ind1=" " ind2=" ">
            <subfield code="a">D-WEL</subfield>
         </datafield>
         <datafield tag="043" ind1=" " ind2=" ">
            <subfield code="c">XA-DE</subfield>
         </datafield>
         <datafield tag="110" ind1="2" ind2=" ">
            <subfield code="a">Kloster Weltenburg, Bibliothek</subfield>
            <subfield code="c">Weltenburg (Kelheim)</subfield>
            <subfield code="g">D-WEL</subfield>
         </datafield>
         <datafield tag="410" ind1="2" ind2=" ">
            <subfield code="a">Benediktinerabtei</subfield>
         </datafield>
         <datafield tag="622" ind1=" " ind2=" ">
            <subfield code="e">Kloster Weltenburg, Bibliothek, Asamstraße 32, 93309 Weltenburg (Kelheim), Germany</subfield>
            <subfield code="u">http://kloster-weltenburg.de/</subfield>
         </datafield>
      </record>