
      <record>
         <leader>00000nz  a2200169   4500</leader>
         <controlfield tag="001">30006428</controlfield>
         <controlfield tag="003">RISM</controlfield>
         <controlfield tag="005">20160216</controlfield>
         <controlfield tag="008">160216n||az|||||||##########||||||||||||</controlfield>
         <datafield tag="040" ind1=" " ind2=" ">
            <subfield code="a">D-WEm</subfield>
         </datafield>
         <datafield tag="043" ind1=" " ind2=" ">
            <subfield code="c">XA-DE</subfield>
         </datafield>
         <datafield tag="110" ind1="2" ind2=" ">
            <subfield code="a">Stadtmuseum Weiden mit Max-Reger-Sammlung</subfield>
            <subfield code="c">Weiden in der Oberpfalz</subfield>
            <subfield code="g">D-WEm</subfield>
         </datafield>
         <datafield tag="622" ind1=" " ind2=" ">
            <subfield code="e">Stadtmuseum Weiden mit,  Max-Reger-Sammlung, Schulgasse 3a, 92637 Weiden in der Oberpfalz, Germany</subfield>
            <subfield code="u">http://www.weiden.de/wen/kultur/stadtmuseum.php</subfield>
         </datafield>
      </record>