
      <record>
         <leader>00000nz  a2200169   4500</leader>
         <controlfield tag="001">30001043</controlfield>
         <controlfield tag="003">RISM</controlfield>
         <controlfield tag="005">20160216</controlfield>
         <controlfield tag="008">160216n||az|||||||##########||||||||||||</controlfield>
         <datafield tag="040" ind1=" " ind2=" ">
            <subfield code="a">D-WEMk</subfield>
         </datafield>
         <datafield tag="043" ind1=" " ind2=" ">
            <subfield code="c">XA-DE</subfield>
         </datafield>
         <datafield tag="110" ind1="2" ind2=" ">
            <subfield code="a">Evangelische Kirchengemeinde, Stiftspfarrei, Kirchenbibliothek</subfield>
            <subfield code="c">Wertheim</subfield>
            <subfield code="g">D-WEMk</subfield>
         </datafield>
         <datafield tag="622" ind1=" " ind2=" ">
            <subfield code="e">Evangelische Kirchengemeinde,,  Stiftspfarrei, Kirchenbibliothek, Mühlenstr. 3-5, 97877 Wertheim, Germany</subfield>
            <subfield code="u">http://kirchenbez-wertheim.de/html/content/stiftspfarrei.html?</subfield>
         </datafield>
      </record>