
      <record>
         <leader>00000nz  a2200169   4500</leader>
         <controlfield tag="001">30001305</controlfield>
         <controlfield tag="003">RISM</controlfield>
         <controlfield tag="005">20160216</controlfield>
         <controlfield tag="008">160216n||az|||||||##########||||||||||||</controlfield>
         <datafield tag="040" ind1=" " ind2=" ">
            <subfield code="a">D-WERa</subfield>
         </datafield>
         <datafield tag="043" ind1=" " ind2=" ">
            <subfield code="c">XA-DE</subfield>
         </datafield>
         <datafield tag="110" ind1="2" ind2=" ">
            <subfield code="a">Landesarchiv Sachsen-Anhalt - Abteilung Magdeburg Standort Wernigerode</subfield>
            <subfield code="c">Wernigerode</subfield>
            <subfield code="g">D-WERa</subfield>
         </datafield>
         <datafield tag="410" ind1="2" ind2=" ">
            <subfield code="a">Staatsarchiv Magdeburg, Zweigstelle Wernigerode</subfield>
         </datafield>
         <datafield tag="622" ind1=" " ind2=" ">
            <subfield code="e">Landesarchiv Sachsen-Anhalt - Abteilung,  Magdeburg Standort Wernigerode, Lindenallee 21, 38855 Wernigerode, Germany</subfield>
            <subfield code="u">http://www.lha.sachsen-anhalt.de/landesarchiv/standorte/wernigerode/</subfield>
         </datafield>
      </record>