
      <record>
         <leader>00000nz  a2200169   4500</leader>
         <controlfield tag="001">30001304</controlfield>
         <controlfield tag="003">RISM</controlfield>
         <controlfield tag="005">20160216</controlfield>
         <controlfield tag="008">160216n||az|||||||##########||||||||||||</controlfield>
         <datafield tag="040" ind1=" " ind2=" ">
            <subfield code="a">D-WERhb</subfield>
         </datafield>
         <datafield tag="043" ind1=" " ind2=" ">
            <subfield code="c">XA-DE</subfield>
         </datafield>
         <datafield tag="110" ind1="2" ind2=" ">
            <subfield code="a">Harzmuseum, Harzbücherei</subfield>
            <subfield code="c">Wernigerode</subfield>
            <subfield code="g">D-WERhb</subfield>
         </datafield>
         <datafield tag="410" ind1="2" ind2=" ">
            <subfield code="a">Heimatmuseum, Harzbücherei</subfield>
         </datafield>
         <datafield tag="622" ind1=" " ind2=" ">
            <subfield code="e">Harzmuseum, Harzbücherei, Klintstr. 10, 38855 Wernigerode, Germany</subfield>
            <subfield code="u">http://www.wernigerode.de/de/harzbuecherei-am-klint.html</subfield>
         </datafield>
      </record>