
      <record>
         <leader>00000nz  a2200169   4500</leader>
         <controlfield tag="001">30001309</controlfield>
         <controlfield tag="003">RISM</controlfield>
         <controlfield tag="005">20160216</controlfield>
         <controlfield tag="008">160216n||az|||||||##########||||||||||||</controlfield>
         <datafield tag="040" ind1=" " ind2=" ">
            <subfield code="a">D-WERth</subfield>
         </datafield>
         <datafield tag="043" ind1=" " ind2=" ">
            <subfield code="c">XA-DE</subfield>
         </datafield>
         <datafield tag="110" ind1="2" ind2=" ">
            <subfield code="a">Pfarramt Unser lieben Frauen, Pfarrarchiv mit Archiv St. Theobaldi</subfield>
            <subfield code="c">Wernigerode</subfield>
            <subfield code="g">D-WERth</subfield>
         </datafield>
         <datafield tag="622" ind1=" " ind2=" ">
            <subfield code="e">Pfarramt Unser lieben Frauen,,  Pfarrarchiv mit Archiv St. Theobaldi, Evangelische Kirchengemeinde St.,  Sylvestri und Liebfrauen, Oberpfarrkirchhof 12, 38855 Wernigerode, Germany</subfield>
            <subfield code="u">http://www.sylvestri-liebfrauen-wernigerode.de/home.php</subfield>
         </datafield>
      </record>