
      <record>
         <leader>00000nz  a2200169   4500</leader>
         <controlfield tag="001">30002841</controlfield>
         <controlfield tag="003">RISM</controlfield>
         <controlfield tag="005">20160216</controlfield>
         <controlfield tag="008">160216n||az|||||||##########||||||||||||</controlfield>
         <datafield tag="040" ind1=" " ind2=" ">
            <subfield code="a">D-WES</subfield>
         </datafield>
         <datafield tag="043" ind1=" " ind2=" ">
            <subfield code="c">XA-DE</subfield>
         </datafield>
         <datafield tag="110" ind1="2" ind2=" ">
            <subfield code="a">Evangelische Kirchengemeinde</subfield>
            <subfield code="c">Leutenbach-Weiler zum Stein</subfield>
            <subfield code="g">D-WES</subfield>
         </datafield>
         <datafield tag="622" ind1=" " ind2=" ">
            <subfield code="e">Evangelische Kirchengemeinde, Friedrich-Köhnlein-Straße 18, 71397 Leutenbach-Weiler zum Stein,  (Württemberg), Germany</subfield>
            <subfield code="u">http://www.kirche-weilerzumstein.de/</subfield>
         </datafield>
      </record>