
      <record>
         <leader>00000nz  a2200169   4500</leader>
         <controlfield tag="001">30000088</controlfield>
         <controlfield tag="003">RISM</controlfield>
         <controlfield tag="005">20160216</controlfield>
         <controlfield tag="008">160216n||az|||||||##########||||||||||||</controlfield>
         <datafield tag="040" ind1=" " ind2=" ">
            <subfield code="a">D-WF</subfield>
         </datafield>
         <datafield tag="043" ind1=" " ind2=" ">
            <subfield code="c">XA-DE</subfield>
         </datafield>
         <datafield tag="110" ind1="2" ind2=" ">
            <subfield code="a">Museum Weißenfels</subfield>
            <subfield code="c">Weißenfels</subfield>
            <subfield code="g">D-WF</subfield>
         </datafield>
         <datafield tag="410" ind1="2" ind2=" ">
            <subfield code="a">Museum Neu-Augustusburg</subfield>
         </datafield>
         <datafield tag="410" ind1="2" ind2=" ">
            <subfield code="a">Schuh- und Stadtmuseum Weißenfels (mit Heinrich-Schütz-Gedenkstätte)</subfield>
         </datafield>
         <datafield tag="410" ind1="2" ind2=" ">
            <subfield code="a">Heimatmuseum</subfield>
         </datafield>
         <datafield tag="622" ind1=" " ind2=" ">
            <subfield code="e">Museum Weißenfels, Zeitzer Straße 4, 06667 Weißenfels, Germany</subfield>
            <subfield code="u">http://www.museum-weissenfels.de/</subfield>
         </datafield>
         <datafield tag="710" ind1="2" ind2=" ">
            <subfield code="a">Forschungs- und Gedenkstätte im Geburtshaus des Komponisten Heinrich-Schütz-Haus</subfield>
            <subfield code="0">30001092</subfield>
         </datafield>
         <datafield tag="710" ind1="2" ind2=" ">
            <subfield code="a">Heinrich-Schütz-Haus</subfield>
            <subfield code="0">30001310</subfield>
         </datafield>
      </record>