
      <record>
         <leader>00000nz  a2200169   4500</leader>
         <controlfield tag="001">30001310</controlfield>
         <controlfield tag="003">RISM</controlfield>
         <controlfield tag="005">20160216</controlfield>
         <controlfield tag="008">160216n||az|||||||##########||||||||||||</controlfield>
         <datafield tag="040" ind1=" " ind2=" ">
            <subfield code="a">D-WFg</subfield>
         </datafield>
         <datafield tag="043" ind1=" " ind2=" ">
            <subfield code="c">XA-DE</subfield>
         </datafield>
         <datafield tag="110" ind1="2" ind2=" ">
            <subfield code="a">Heinrich-Schütz-Haus</subfield>
            <subfield code="c">Weißenfels</subfield>
            <subfield code="g">D-WFg</subfield>
         </datafield>
         <datafield tag="410" ind1="2" ind2=" ">
            <subfield code="a">Heinrich-Schütz-Gedenkstätte, Bibliothek</subfield>
         </datafield>
         <datafield tag="622" ind1=" " ind2=" ">
            <subfield code="e">Heinrich-Schütz-Haus, Weißenfelser Musikverein »Heinrich,  Schütz« e.V., Nikolaistraße 13, 06667 Weißenfels, Germany</subfield>
            <subfield code="u">http://schuetzhaus-weissenfels.de/</subfield>
         </datafield>
      </record>