
      <record>
         <leader>00000nz  a2200169   4500</leader>
         <controlfield tag="001">30004295</controlfield>
         <controlfield tag="003">RISM</controlfield>
         <controlfield tag="005">20160216</controlfield>
         <controlfield tag="008">160216n||az|||||||##########||||||||||||</controlfield>
         <datafield tag="040" ind1=" " ind2=" ">
            <subfield code="a">D-WFk</subfield>
         </datafield>
         <datafield tag="043" ind1=" " ind2=" ">
            <subfield code="c">XA-DE</subfield>
         </datafield>
         <datafield tag="110" ind1="2" ind2=" ">
            <subfield code="a">Evangelische Stadtkirche St. Marien, Kantoreiarchiv</subfield>
            <subfield code="c">Weißenfels</subfield>
            <subfield code="g">D-WFk</subfield>
         </datafield>
      </record>