
      <record>
         <leader>00000nz  a2200169   4500</leader>
         <controlfield tag="001">30001313</controlfield>
         <controlfield tag="003">RISM</controlfield>
         <controlfield tag="005">20160216</controlfield>
         <controlfield tag="008">160216n||az|||||||##########||||||||||||</controlfield>
         <datafield tag="040" ind1=" " ind2=" ">
            <subfield code="a">D-WGk</subfield>
         </datafield>
         <datafield tag="043" ind1=" " ind2=" ">
            <subfield code="c">XA-DE</subfield>
         </datafield>
         <datafield tag="110" ind1="2" ind2=" ">
            <subfield code="a">Stadtkirche St. Marien, Pfarrarchiv</subfield>
            <subfield code="c">Lutherstadt Wittenberg</subfield>
            <subfield code="g">D-WGk</subfield>
         </datafield>
         <datafield tag="622" ind1=" " ind2=" ">
            <subfield code="e">Stadtkirche St. Marien, Pfarrarchiv, Evangelische Stadtkirchengemeinde,  Gemeindebüro, Jüdenstraße 36, 06886 Lutherstadt Wittenberg, Germany</subfield>
            <subfield code="u">http://www.stadtkirchengemeinde-wittenberg.de/de/</subfield>
         </datafield>
      </record>