
      <record>
         <leader>00000nz  a2200169   4500</leader>
         <controlfield tag="001">30001314</controlfield>
         <controlfield tag="003">RISM</controlfield>
         <controlfield tag="005">20160216</controlfield>
         <controlfield tag="008">160216n||az|||||||##########||||||||||||</controlfield>
         <datafield tag="040" ind1=" " ind2=" ">
            <subfield code="a">D-WGl</subfield>
         </datafield>
         <datafield tag="043" ind1=" " ind2=" ">
            <subfield code="c">XA-DE</subfield>
         </datafield>
         <datafield tag="110" ind1="2" ind2=" ">
            <subfield code="a">Lutherhaus</subfield>
            <subfield code="c">Lutherstadt Wittenberg</subfield>
            <subfield code="g">D-WGl</subfield>
         </datafield>
         <datafield tag="410" ind1="2" ind2=" ">
            <subfield code="a">Reformationsgeschichtliches Museum, Lutherhalle</subfield>
         </datafield>
         <datafield tag="622" ind1=" " ind2=" ">
            <subfield code="e">Lutherhaus, Collegienstraße 54, 06886 Lutherstadt Wittenberg, Germany</subfield>
            <subfield code="u">http://www.martinluther.de/index.php?lang=de</subfield>
         </datafield>
      </record>