
      <record>
         <leader>00000nz  a2200169   4500</leader>
         <controlfield tag="001">30002951</controlfield>
         <controlfield tag="003">RISM</controlfield>
         <controlfield tag="005">20160216</controlfield>
         <controlfield tag="008">160216n||az|||||||##########||||||||||||</controlfield>
         <datafield tag="040" ind1=" " ind2=" ">
            <subfield code="a">D-WGU</subfield>
         </datafield>
         <datafield tag="043" ind1=" " ind2=" ">
            <subfield code="c">XA-DE</subfield>
         </datafield>
         <datafield tag="110" ind1="2" ind2=" ">
            <subfield code="a">Pfarrsprengel Fürstenwerder, Evangelische Kirchengemeinde Weggun, Pfarrarchiv</subfield>
            <subfield code="c">Weggun (Nordwestuckermark)</subfield>
            <subfield code="g">D-WGU</subfield>
         </datafield>
         <datafield tag="622" ind1=" " ind2=" ">
            <subfield code="e">Pfarrsprengel Fürstenwerder,,  Evangelische Kirchengemeinde Weggun,,  Pfarrarchiv, c/o Evangelisches Pfarramt Fürstenwerder, Ernst-Thälmann-Str. 37, 17291 Fürstenwerder (Nordwestuckermark), Germany</subfield>
            <subfield code="u">http://www.pfarrsprengel-fuerstenwerder.de/</subfield>
         </datafield>
      </record>