
      <record>
         <leader>00000nz  a2200169   4500</leader>
         <controlfield tag="001">30001047</controlfield>
         <controlfield tag="003">RISM</controlfield>
         <controlfield tag="005">20160216</controlfield>
         <controlfield tag="008">160216n||az|||||||##########||||||||||||</controlfield>
         <datafield tag="040" ind1=" " ind2=" ">
            <subfield code="a">D-WH</subfield>
         </datafield>
         <datafield tag="043" ind1=" " ind2=" ">
            <subfield code="c">XA-DE</subfield>
         </datafield>
         <datafield tag="110" ind1="2" ind2=" ">
            <subfield code="a">Historische Stadtbibliothek</subfield>
            <subfield code="c">Bad Windsheim</subfield>
            <subfield code="g">D-WH</subfield>
         </datafield>
         <datafield tag="622" ind1=" " ind2=" ">
            <subfield code="e">Historische Stadtbibliothek, Klosterplatz 3, 91438 Bad Windsheim, Germany</subfield>
            <subfield code="u">http://www.klosterchorbibliothek.de/Startseite/</subfield>
         </datafield>
      </record>