
      <record>
         <leader>00000nz  a2200169   4500</leader>
         <controlfield tag="001">30004178</controlfield>
         <controlfield tag="003">RISM</controlfield>
         <controlfield tag="005">20160216</controlfield>
         <controlfield tag="008">160216n||az|||||||##########||||||||||||</controlfield>
         <datafield tag="040" ind1=" " ind2=" ">
            <subfield code="a">D-WHVm</subfield>
         </datafield>
         <datafield tag="043" ind1=" " ind2=" ">
            <subfield code="c">XA-DE</subfield>
         </datafield>
         <datafield tag="110" ind1="2" ind2=" ">
            <subfield code="a">Stadtbibliothek</subfield>
            <subfield code="c">Wilhelmshaven</subfield>
            <subfield code="g">D-WHVm</subfield>
         </datafield>
         <datafield tag="410" ind1="2" ind2=" ">
            <subfield code="a">Stadtbücherei, Musikbücherei</subfield>
         </datafield>
         <datafield tag="622" ind1=" " ind2=" ">
            <subfield code="e">Stadtbibliothek, Virchowstr. 29, 26382 Wilhelmshaven, Germany</subfield>
            <subfield code="u">http://stadtbibliothek.wilhelmshaven.de/</subfield>
         </datafield>
      </record>