
      <record>
         <leader>00000nz  a2200169   4500</leader>
         <controlfield tag="001">30001048</controlfield>
         <controlfield tag="003">RISM</controlfield>
         <controlfield tag="005">20160216</controlfield>
         <controlfield tag="008">160216n||az|||||||##########||||||||||||</controlfield>
         <datafield tag="040" ind1=" " ind2=" ">
            <subfield code="a">D-WIbh</subfield>
         </datafield>
         <datafield tag="043" ind1=" " ind2=" ">
            <subfield code="c">XA-DE</subfield>
         </datafield>
         <datafield tag="110" ind1="2" ind2=" ">
            <subfield code="a">Breitkopf &amp; Härtel KG, Verlagsarchiv</subfield>
            <subfield code="c">Wiesbaden</subfield>
            <subfield code="g">D-WIbh</subfield>
         </datafield>
         <datafield tag="622" ind1=" " ind2=" ">
            <subfield code="e">Breitkopf &amp; Härtel KG, Verlagsarchiv, Walkmühlstraße 52, 65195 Wiesbaden, Germany</subfield>
            <subfield code="u">https://www.breitkopf.com/</subfield>
         </datafield>
      </record>