
      <record>
         <leader>00000nz  a2200169   4500</leader>
         <controlfield tag="001">30001049</controlfield>
         <controlfield tag="003">RISM</controlfield>
         <controlfield tag="005">20160216</controlfield>
         <controlfield tag="008">160216n||az|||||||##########||||||||||||</controlfield>
         <datafield tag="040" ind1=" " ind2=" ">
            <subfield code="a">D-WId</subfield>
         </datafield>
         <datafield tag="043" ind1=" " ind2=" ">
            <subfield code="c">XA-DE</subfield>
         </datafield>
         <datafield tag="110" ind1="2" ind2=" ">
            <subfield code="a">Diltheyschule, Bibliothek</subfield>
            <subfield code="c">Wiesbaden</subfield>
            <subfield code="g">D-WId</subfield>
         </datafield>
         <datafield tag="622" ind1=" " ind2=" ">
            <subfield code="e">Diltheyschule, Bibliothek, Georg-August-Straße 16, 65195 Wiesbaden, Germany</subfield>
            <subfield code="u">http://www.dilthey-schule.de/</subfield>
         </datafield>
      </record>