
      <record>
         <leader>00000nz  a2200169   4500</leader>
         <controlfield tag="001">30001051</controlfield>
         <controlfield tag="003">RISM</controlfield>
         <controlfield tag="005">20160216</controlfield>
         <controlfield tag="008">160216n||az|||||||##########||||||||||||</controlfield>
         <datafield tag="040" ind1=" " ind2=" ">
            <subfield code="a">D-WIE</subfield>
         </datafield>
         <datafield tag="043" ind1=" " ind2=" ">
            <subfield code="c">XA-DE</subfield>
         </datafield>
         <datafield tag="110" ind1="2" ind2=" ">
            <subfield code="a">Wieskirche</subfield>
            <subfield code="c">Wies (Steingaden)</subfield>
            <subfield code="g">D-WIE</subfield>
         </datafield>
         <datafield tag="410" ind1="2" ind2=" ">
            <subfield code="a">Wallfahrtskirche</subfield>
         </datafield>
         <datafield tag="622" ind1=" " ind2=" ">
            <subfield code="e">Wieskirche, Kath. Wallfahrtskuratiestiftung St.,  Josef - Wies, Wies 12, 86989 Wies (Steingaden), Germany</subfield>
            <subfield code="u">http://www.wieskirche.de/frameset.htm</subfield>
         </datafield>
      </record>