
      <record>
         <leader>00000nz  a2200169   4500</leader>
         <controlfield tag="001">30001050</controlfield>
         <controlfield tag="003">RISM</controlfield>
         <controlfield tag="005">20160216</controlfield>
         <controlfield tag="008">160216n||az|||||||##########||||||||||||</controlfield>
         <datafield tag="040" ind1=" " ind2=" ">
            <subfield code="a">D-WIl</subfield>
         </datafield>
         <datafield tag="043" ind1=" " ind2=" ">
            <subfield code="c">XA-DE</subfield>
         </datafield>
         <datafield tag="110" ind1="2" ind2=" ">
            <subfield code="a">Hochschul- und Landesbibliothek RheinMain</subfield>
            <subfield code="c">Wiesbaden</subfield>
            <subfield code="g">D-WIl</subfield>
         </datafield>
         <datafield tag="410" ind1="2" ind2=" ">
            <subfield code="a">Hessische Landesbibliothek</subfield>
         </datafield>
         <datafield tag="410" ind1="2" ind2=" ">
            <subfield code="a">Nassauische Landesbibliothek</subfield>
         </datafield>
         <datafield tag="410" ind1="2" ind2=" ">
            <subfield code="a">Königliche Landesbibliothek</subfield>
         </datafield>
         <datafield tag="622" ind1=" " ind2=" ">
            <subfield code="e">Hochschul- und Landesbibliothek,  RheinMain, Rheinstraße 55-57, 65185 Wiesbaden, Germany</subfield>
            <subfield code="u">http://www.hlb-wiesbaden.de</subfield>
         </datafield>
      </record>