
      <record>
         <leader>00000nz  a2200169   4500</leader>
         <controlfield tag="001">30001052</controlfield>
         <controlfield tag="003">RISM</controlfield>
         <controlfield tag="005">20160216</controlfield>
         <controlfield tag="008">160216n||az|||||||##########||||||||||||</controlfield>
         <datafield tag="040" ind1=" " ind2=" ">
            <subfield code="a">D-WILd</subfield>
         </datafield>
         <datafield tag="043" ind1=" " ind2=" ">
            <subfield code="c">XA-DE</subfield>
         </datafield>
         <datafield tag="110" ind1="2" ind2=" ">
            <subfield code="a">Stadtbücherei</subfield>
            <subfield code="c">Wilster</subfield>
            <subfield code="g">D-WILd</subfield>
         </datafield>
         <datafield tag="410" ind1="2" ind2=" ">
            <subfield code="a">Doossche Bibliothek</subfield>
         </datafield>
         <datafield tag="622" ind1=" " ind2=" ">
            <subfield code="e">Stadtbücherei, Rathausstraße 4, 25554 Wilster, Germany</subfield>
            <subfield code="u">http://www.stadtbuecherei-wilster.de/index.php?option=com_frontpage&amp;Itemid=1</subfield>
         </datafield>
      </record>