
      <record>
         <leader>00000nz  a2200169   4500</leader>
         <controlfield tag="001">30006491</controlfield>
         <controlfield tag="003">RISM</controlfield>
         <controlfield tag="005">20160216</controlfield>
         <controlfield tag="008">160216n||az|||||||##########||||||||||||</controlfield>
         <datafield tag="040" ind1=" " ind2=" ">
            <subfield code="a">D-WILDs</subfield>
         </datafield>
         <datafield tag="043" ind1=" " ind2=" ">
            <subfield code="c">XA-DE</subfield>
         </datafield>
         <datafield tag="110" ind1="2" ind2=" ">
            <subfield code="a">Stadtarchiv</subfield>
            <subfield code="c">Bad Wildungen</subfield>
            <subfield code="g">D-WILDs</subfield>
         </datafield>
         <datafield tag="622" ind1=" " ind2=" ">
            <subfield code="e">Stadtarchiv, Kornstr. 2, 34537 Bad Wildungen, Germany</subfield>
            <subfield code="u">http://goo.gl/wj2aeH</subfield>
         </datafield>
      </record>