
      <record>
         <leader>00000nz  a2200169   4500</leader>
         <controlfield tag="001">30080529</controlfield>
         <controlfield tag="003">RISM</controlfield>
         <controlfield tag="005">20160216</controlfield>
         <controlfield tag="008">160216n||az|||||||##########||||||||||||</controlfield>
         <datafield tag="040" ind1=" " ind2=" ">
            <subfield code="a">D-WILsta</subfield>
         </datafield>
         <datafield tag="043" ind1=" " ind2=" ">
            <subfield code="c">XA-DE</subfield>
         </datafield>
         <datafield tag="110" ind1="2" ind2=" ">
            <subfield code="a">Stadtarchiv</subfield>
            <subfield code="c">Wilster</subfield>
            <subfield code="g">D-WILsta</subfield>
         </datafield>
         <datafield tag="622" ind1=" " ind2=" ">
            <subfield code="e">Stadtarchiv, Rathausstraße 4, 25554 Wilster, Germany</subfield>
            <subfield code="u">http://www.wilster.de/index.php?option=com_content&amp;task=view&amp;id=54&amp;Itemid=97</subfield>
         </datafield>
      </record>