
      <record>
         <leader>00000nz  a2200169   4500</leader>
         <controlfield tag="001">30004177</controlfield>
         <controlfield tag="003">RISM</controlfield>
         <controlfield tag="005">20160216</controlfield>
         <controlfield tag="008">160216n||az|||||||##########||||||||||||</controlfield>
         <datafield tag="040" ind1=" " ind2=" ">
            <subfield code="a">D-WIm</subfield>
         </datafield>
         <datafield tag="043" ind1=" " ind2=" ">
            <subfield code="c">XA-DE</subfield>
         </datafield>
         <datafield tag="110" ind1="2" ind2=" ">
            <subfield code="a">Mauritius-Mediathek, Musikbibliothek</subfield>
            <subfield code="c">Wiesbaden</subfield>
            <subfield code="g">D-WIm</subfield>
         </datafield>
         <datafield tag="410" ind1="2" ind2=" ">
            <subfield code="a">Stadtbibliotheken der Landeshauptstadt Wiesbaden</subfield>
         </datafield>
         <datafield tag="622" ind1=" " ind2=" ">
            <subfield code="e">Mauritius-Mediathek, Musikbibliothek, Hochstättenstraße 6-10, 65183 Wiesbaden, Germany</subfield>
            <subfield code="u">http://www.wiesbaden.de/kultur/musik/musikbibliothek/index.php</subfield>
         </datafield>
      </record>