
      <record>
         <leader>00000nz  a2200169   4500</leader>
         <controlfield tag="001">30003758</controlfield>
         <controlfield tag="003">RISM</controlfield>
         <controlfield tag="005">20160216</controlfield>
         <controlfield tag="008">160216n||az|||||||##########||||||||||||</controlfield>
         <datafield tag="040" ind1=" " ind2=" ">
            <subfield code="a">D-WIST</subfield>
         </datafield>
         <datafield tag="043" ind1=" " ind2=" ">
            <subfield code="c">XA-DE</subfield>
         </datafield>
         <datafield tag="110" ind1="2" ind2=" ">
            <subfield code="a">Superintendentur des Kirchenkreises Wittstock-Ruppin, Kirchenbibliothek</subfield>
            <subfield code="c">Wittstock an der Dosse</subfield>
            <subfield code="g">D-WIST</subfield>
         </datafield>
         <datafield tag="622" ind1=" " ind2=" ">
            <subfield code="e">Superintendentur des Kirchenkreises,  Wittstock-Ruppin, Kirchenbibliothek, Kirchplatz 2, 16909 Wittstock an der Dosse, Germany</subfield>
            <subfield code="u">http://www.kirchenkreis-wittstock-ruppin.de/index.php</subfield>
         </datafield>
      </record>