
      <record>
         <leader>00000nz  a2200169   4500</leader>
         <controlfield tag="001">30002844</controlfield>
         <controlfield tag="003">RISM</controlfield>
         <controlfield tag="005">20160216</controlfield>
         <controlfield tag="008">160216n||az|||||||##########||||||||||||</controlfield>
         <datafield tag="040" ind1=" " ind2=" ">
            <subfield code="a">D-WIT</subfield>
         </datafield>
         <datafield tag="043" ind1=" " ind2=" ">
            <subfield code="c">XA-DE</subfield>
         </datafield>
         <datafield tag="110" ind1="2" ind2=" ">
            <subfield code="a">Verein für Orts- und Heimatkunde in der Grafschaft Mark, Bibliothek</subfield>
            <subfield code="c">Witten</subfield>
            <subfield code="g">D-WIT</subfield>
         </datafield>
         <datafield tag="622" ind1=" " ind2=" ">
            <subfield code="e">Verein für Orts- und Heimatkunde in der,  Grafschaft Mark, Bibliothek, Husemannstr. 12, 58452 Witten, Germany</subfield>
         </datafield>
      </record>