
      <record>
         <leader>00000nz  a2200169   4500</leader>
         <controlfield tag="001">30006443</controlfield>
         <controlfield tag="003">RISM</controlfield>
         <controlfield tag="005">20160216</controlfield>
         <controlfield tag="008">160216n||az|||||||##########||||||||||||</controlfield>
         <datafield tag="040" ind1=" " ind2=" ">
            <subfield code="a">D-WKSk</subfield>
         </datafield>
         <datafield tag="043" ind1=" " ind2=" ">
            <subfield code="c">XA-DE</subfield>
         </datafield>
         <datafield tag="110" ind1="2" ind2=" ">
            <subfield code="a">St.-Bartholomäus-Kirchgemeinde</subfield>
            <subfield code="c">Wolkenstein</subfield>
            <subfield code="g">D-WKSk</subfield>
         </datafield>
         <datafield tag="410" ind1="2" ind2=" ">
            <subfield code="a">Kantorei-Archiv</subfield>
         </datafield>
         <datafield tag="622" ind1=" " ind2=" ">
            <subfield code="e">St.-Bartholomäus-Kirchgemeinde, Marienberger Str. 12, 09429 Wolkenstein, Germany</subfield>
            <subfield code="u">http://www.kirchgemeinde-wolkenstein.de/</subfield>
         </datafield>
      </record>