
      <record>
         <leader>00000nz  a2200169   4500</leader>
         <controlfield tag="001">30077759</controlfield>
         <controlfield tag="003">RISM</controlfield>
         <controlfield tag="005">20160216</controlfield>
         <controlfield tag="008">160216n||az|||||||##########||||||||||||</controlfield>
         <datafield tag="040" ind1=" " ind2=" ">
            <subfield code="a">D-WLekew</subfield>
         </datafield>
         <datafield tag="043" ind1=" " ind2=" ">
            <subfield code="c">XA-DE</subfield>
         </datafield>
         <datafield tag="110" ind1="2" ind2=" ">
            <subfield code="a">Evangelische Kirchengemeinde Elberfeld-West</subfield>
            <subfield code="c">Wuppertal</subfield>
            <subfield code="g">D-WLekew</subfield>
         </datafield>
         <datafield tag="622" ind1=" " ind2=" ">
            <subfield code="e">Evangelische Kirchengemeinde,  Elberfeld-West, Evangelisches Verwaltungsamt, Kirchplatz 1, 42103 Wuppertal, Germany</subfield>
            <subfield code="u">http://elberfeld-west.de/</subfield>
         </datafield>
      </record>