
      <record>
         <leader>00000nz  a2200169   4500</leader>
         <controlfield tag="001">30003823</controlfield>
         <controlfield tag="003">RISM</controlfield>
         <controlfield tag="005">20160216</controlfield>
         <controlfield tag="008">160216n||az|||||||##########||||||||||||</controlfield>
         <datafield tag="040" ind1=" " ind2=" ">
            <subfield code="a">D-WLFwalter</subfield>
         </datafield>
         <datafield tag="043" ind1=" " ind2=" ">
            <subfield code="c">XA-DE</subfield>
         </datafield>
         <datafield tag="110" ind1="2" ind2=" ">
            <subfield code="a">Privatsammlung Dr. R. Walter</subfield>
            <subfield code="c">Bitterfeld-Wolfen</subfield>
            <subfield code="g">D-WLFwalter</subfield>
         </datafield>
      </record>