
      <record>
         <leader>00000nz  a2200169   4500</leader>
         <controlfield tag="001">30002845</controlfield>
         <controlfield tag="003">RISM</controlfield>
         <controlfield tag="005">20160216</controlfield>
         <controlfield tag="008">160216n||az|||||||##########||||||||||||</controlfield>
         <datafield tag="040" ind1=" " ind2=" ">
            <subfield code="a">D-WLk</subfield>
         </datafield>
         <datafield tag="043" ind1=" " ind2=" ">
            <subfield code="c">XA-DE</subfield>
         </datafield>
         <datafield tag="110" ind1="2" ind2=" ">
            <subfield code="a">Hochschul- und Landeskirchenbibliothek</subfield>
            <subfield code="c">Wuppertal</subfield>
            <subfield code="g">D-WLk</subfield>
         </datafield>
         <datafield tag="410" ind1="2" ind2=" ">
            <subfield code="a">Kirchliche Hochschule, Bibliothek</subfield>
         </datafield>
         <datafield tag="622" ind1=" " ind2=" ">
            <subfield code="e">Hochschul- und Landeskirchenbibliothek, Missionsstr. 11, 42285 Wuppertal, Germany</subfield>
            <subfield code="u">http://hlb-wuppertal.de/</subfield>
         </datafield>
      </record>