
      <record>
         <leader>00000nz  a2200169   4500</leader>
         <controlfield tag="001">30000177</controlfield>
         <controlfield tag="003">RISM</controlfield>
         <controlfield tag="005">20160216</controlfield>
         <controlfield tag="008">160216n||az|||||||##########||||||||||||</controlfield>
         <datafield tag="040" ind1=" " ind2=" ">
            <subfield code="a">D-WM</subfield>
         </datafield>
         <datafield tag="043" ind1=" " ind2=" ">
            <subfield code="c">XA-DE</subfield>
         </datafield>
         <datafield tag="110" ind1="2" ind2=" ">
            <subfield code="a">Archiv der Hansestadt</subfield>
            <subfield code="c">Wismar</subfield>
            <subfield code="g">D-WM</subfield>
         </datafield>
         <datafield tag="410" ind1="2" ind2=" ">
            <subfield code="a">Rats- und Museumsbibliothek</subfield>
         </datafield>
         <datafield tag="410" ind1="2" ind2=" ">
            <subfield code="a">Ratsarchiv</subfield>
         </datafield>
         <datafield tag="622" ind1=" " ind2=" ">
            <subfield code="e">Archiv der Hansestadt, Altwismarstraße 7-17, 23966 Wismar, Germany</subfield>
            <subfield code="u">http://www.wismar.de/B%C3%BCrger/Kultur_Freizeit_Sport/Stadtarchiv/</subfield>
         </datafield>
      </record>