
      <record>
         <leader>00000nz  a2200169   4500</leader>
         <controlfield tag="001">30006109</controlfield>
         <controlfield tag="003">RISM</controlfield>
         <controlfield tag="005">20160216</controlfield>
         <controlfield tag="008">160216n||az|||||||##########||||||||||||</controlfield>
         <datafield tag="040" ind1=" " ind2=" ">
            <subfield code="a">D-WN</subfield>
         </datafield>
         <datafield tag="043" ind1=" " ind2=" ">
            <subfield code="c">XA-DE</subfield>
         </datafield>
         <datafield tag="110" ind1="2" ind2=" ">
            <subfield code="a">Klostermuseum</subfield>
            <subfield code="c">Wienhausen</subfield>
            <subfield code="g">D-WN</subfield>
         </datafield>
         <datafield tag="622" ind1=" " ind2=" ">
            <subfield code="e">Klostermuseum, An der Kirche 1, 29342 Wienhausen, Germany</subfield>
            <subfield code="u">http://www.kloster-wienhausen.de/</subfield>
         </datafield>
      </record>