
      <record>
         <leader>00000nz  a2200169   4500</leader>
         <controlfield tag="001">30002847</controlfield>
         <controlfield tag="003">RISM</controlfield>
         <controlfield tag="005">20160216</controlfield>
         <controlfield tag="008">160216n||az|||||||##########||||||||||||</controlfield>
         <datafield tag="040" ind1=" " ind2=" ">
            <subfield code="a">D-WOF</subfield>
         </datafield>
         <datafield tag="043" ind1=" " ind2=" ">
            <subfield code="c">XA-DE</subfield>
         </datafield>
         <datafield tag="110" ind1="2" ind2=" ">
            <subfield code="a">Evangelische Kirchengemeinde Wolfenhausen, Kirchenbibliothek</subfield>
            <subfield code="c">Neustetten-Wolfenhausen</subfield>
            <subfield code="g">D-WOF</subfield>
         </datafield>
         <datafield tag="622" ind1=" " ind2=" ">
            <subfield code="e">Evangelische Kirchengemeinde,  Wolfenhausen, Kirchenbibliothek, Bühlstrasse 12, 72149 Neustetten-Wolfenhausen, Germany</subfield>
            <subfield code="u">http://www.gemeinde.neustetten.elk-wue.de/</subfield>
         </datafield>
      </record>