
      <record>
         <leader>00000nz  a2200169   4500</leader>
         <controlfield tag="001">30000065</controlfield>
         <controlfield tag="003">RISM</controlfield>
         <controlfield tag="005">20160216</controlfield>
         <controlfield tag="008">160216n||az|||||||##########||||||||||||</controlfield>
         <datafield tag="040" ind1=" " ind2=" ">
            <subfield code="a">D-WRdn</subfield>
         </datafield>
         <datafield tag="043" ind1=" " ind2=" ">
            <subfield code="c">XA-DE</subfield>
         </datafield>
         <datafield tag="110" ind1="2" ind2=" ">
            <subfield code="a">Deutsches Nationaltheater, Archiv</subfield>
            <subfield code="c">Weimar</subfield>
            <subfield code="g">D-WRdn</subfield>
         </datafield>
         <datafield tag="410" ind1="2" ind2=" ">
            <subfield code="a">Großherzogliches Hoftheater</subfield>
         </datafield>
         <datafield tag="580" ind1=" " ind2=" ">
            <subfield code="x">D-LEtz</subfield>
            <subfield code="0">30002861</subfield>
         </datafield>
         <datafield tag="580" ind1=" " ind2=" ">
            <subfield code="x">D-WRha</subfield>
            <subfield code="0">30006485</subfield>
         </datafield>
         <datafield tag="622" ind1=" " ind2=" ">
            <subfield code="e">Deutsches Nationaltheater, Archiv, Theaterplatz 2, 99423 Weimar, Germany</subfield>
            <subfield code="u">http://www.nationaltheater-weimar.de</subfield>
         </datafield>
      </record>