
      <record>
         <leader>00000nz  a2200169   4500</leader>
         <controlfield tag="001">30000066</controlfield>
         <controlfield tag="003">RISM</controlfield>
         <controlfield tag="005">20160216</controlfield>
         <controlfield tag="008">160216n||az|||||||##########||||||||||||</controlfield>
         <datafield tag="040" ind1=" " ind2=" ">
            <subfield code="a">D-WRgs</subfield>
         </datafield>
         <datafield tag="043" ind1=" " ind2=" ">
            <subfield code="c">XA-DE</subfield>
         </datafield>
         <datafield tag="110" ind1="2" ind2=" ">
            <subfield code="a">Klassik Stiftung Weimar, Goethe- und Schiller-Archiv</subfield>
            <subfield code="c">Weimar</subfield>
            <subfield code="g">D-WRgs</subfield>
         </datafield>
         <datafield tag="410" ind1="2" ind2=" ">
            <subfield code="a">Goethe-Schiller-Archiv und Franz-Liszt-Museum</subfield>
         </datafield>
         <datafield tag="410" ind1="2" ind2=" ">
            <subfield code="a">Nationale Forschungs- und Gedenkstätten der klassischen deutschen Literatur</subfield>
         </datafield>
         <datafield tag="410" ind1="2" ind2=" ">
            <subfield code="a">Stiftung Weimarer Klassik, Goethe- und Schiller-Archiv</subfield>
         </datafield>
         <datafield tag="622" ind1=" " ind2=" ">
            <subfield code="e">Klassik Stiftung Weimar, Goethe- und,  Schiller-Archiv, Hans-Wahl-Straße 4, 99425 Weimar, Germany</subfield>
            <subfield code="u">http://www.klassik-stiftung.de/einrichtungen/goethe-und-schiller-archiv/</subfield>
         </datafield>
      </record>