
      <record>
         <leader>00000nz  a2200169   4500</leader>
         <controlfield tag="001">30000067</controlfield>
         <controlfield tag="003">RISM</controlfield>
         <controlfield tag="005">20160216</controlfield>
         <controlfield tag="008">160216n||az|||||||##########||||||||||||</controlfield>
         <datafield tag="040" ind1=" " ind2=" ">
            <subfield code="a">D-WRh</subfield>
         </datafield>
         <datafield tag="043" ind1=" " ind2=" ">
            <subfield code="c">XA-DE</subfield>
         </datafield>
         <datafield tag="110" ind1="2" ind2=" ">
            <subfield code="a">Hochschule für Musik Franz Liszt, Hochschulbibliothek</subfield>
            <subfield code="c">Weimar</subfield>
            <subfield code="g">D-WRh</subfield>
         </datafield>
         <datafield tag="410" ind1="2" ind2=" ">
            <subfield code="a">Staatliche Hochschule für Musik</subfield>
         </datafield>
         <datafield tag="622" ind1=" " ind2=" ">
            <subfield code="e">Hochschule für Musik Franz Liszt,, Bibliothek, Fürstenhaus, Platz der Demokratie 2-3, 99423 Weimar, Germany</subfield>
            <subfield code="u">http://www.hfm-weimar.de/</subfield>
         </datafield>
      </record>