
      <record>
         <leader>00000nz  a2200169   4500</leader>
         <controlfield tag="001">30006485</controlfield>
         <controlfield tag="003">RISM</controlfield>
         <controlfield tag="005">20160216</controlfield>
         <controlfield tag="008">160216n||az|||||||##########||||||||||||</controlfield>
         <datafield tag="040" ind1=" " ind2=" ">
            <subfield code="a">D-WRha</subfield>
         </datafield>
         <datafield tag="043" ind1=" " ind2=" ">
            <subfield code="c">XA-DE</subfield>
         </datafield>
         <datafield tag="110" ind1="2" ind2=" ">
            <subfield code="a">Hochschule für Musik Franz Liszt, Hochschularchiv</subfield>
            <subfield code="c">Weimar</subfield>
            <subfield code="g">D-WRha</subfield>
         </datafield>
         <datafield tag="410" ind1="2" ind2=" ">
            <subfield code="a">Thüringisches Landesmusikarchiv</subfield>
         </datafield>
         <datafield tag="622" ind1=" " ind2=" ">
            <subfield code="e">Hochschule für Musik Franz Liszt,, Hochschularchiv, Carl-Alexander-Platz 1, 99425 Weimar, Germany</subfield>
            <subfield code="u">http://www.hfm-weimar.de/343/#joPageDown</subfield>
         </datafield>
      </record>