
      <record>
         <leader>00000nz  a2200169   4500</leader>
         <controlfield tag="001">30001319</controlfield>
         <controlfield tag="003">RISM</controlfield>
         <controlfield tag="005">20160216</controlfield>
         <controlfield tag="008">160216n||az|||||||##########||||||||||||</controlfield>
         <datafield tag="040" ind1=" " ind2=" ">
            <subfield code="a">D-WRhk</subfield>
         </datafield>
         <datafield tag="043" ind1=" " ind2=" ">
            <subfield code="c">XA-DE</subfield>
         </datafield>
         <datafield tag="110" ind1="2" ind2=" ">
            <subfield code="a">Herderkirche, Ephoralbibliothek</subfield>
            <subfield code="c">Weimar</subfield>
            <subfield code="g">D-WRhk</subfield>
         </datafield>
         <datafield tag="410" ind1="2" ind2=" ">
            <subfield code="a">Stadtkirchen- und Ephoralbibliothek</subfield>
         </datafield>
         <datafield tag="622" ind1=" " ind2=" ">
            <subfield code="e">Herderkirche, Ephoralbibliothek, Evangelisch-Lutherische Kirchengemeinde, Herderplatz 8, 99423 Weimar, Germany</subfield>
            <subfield code="u">http://www.ek-weimar.de/</subfield>
         </datafield>
      </record>