
      <record>
         <leader>00000nz  a2200169   4500</leader>
         <controlfield tag="001">30001323</controlfield>
         <controlfield tag="003">RISM</controlfield>
         <controlfield tag="005">20160216</controlfield>
         <controlfield tag="008">160216n||az|||||||##########||||||||||||</controlfield>
         <datafield tag="040" ind1=" " ind2=" ">
            <subfield code="a">D-WRlka</subfield>
         </datafield>
         <datafield tag="043" ind1=" " ind2=" ">
            <subfield code="c">XA-DE</subfield>
         </datafield>
         <datafield tag="110" ind1="2" ind2=" ">
            <subfield code="a">Landeskirchliches Archiv im Kreiskirchenamt</subfield>
            <subfield code="c">Weimar</subfield>
            <subfield code="g">D-WRlka</subfield>
         </datafield>
         <datafield tag="622" ind1=" " ind2=" ">
            <subfield code="e">Landeskirchliches Archiv im,  Kreiskirchenamt, Lisztstr. 2a, 99423 Weimar, Germany</subfield>
         </datafield>
      </record>