
      <record>
         <leader>00000nz  a2200169   4500</leader>
         <controlfield tag="001">30003279</controlfield>
         <controlfield tag="003">RISM</controlfield>
         <controlfield tag="005">20160216</controlfield>
         <controlfield tag="008">160216n||az|||||||##########||||||||||||</controlfield>
         <datafield tag="040" ind1=" " ind2=" ">
            <subfield code="a">D-WRs</subfield>
         </datafield>
         <datafield tag="043" ind1=" " ind2=" ">
            <subfield code="c">XA-DE</subfield>
         </datafield>
         <datafield tag="110" ind1="2" ind2=" ">
            <subfield code="a">Stadtbücherei, Musikbücherei</subfield>
            <subfield code="c">Weimar</subfield>
            <subfield code="g">D-WRs</subfield>
         </datafield>
         <datafield tag="622" ind1=" " ind2=" ">
            <subfield code="e">Stadtbücherei, Musikbücherei, Steubenstraße 1, 99423 Weimar, Germany</subfield>
            <subfield code="u">http://www.stadtbibliothek-weimar.de/</subfield>
         </datafield>
      </record>