
      <record>
         <leader>00000nz  a2200169   4500</leader>
         <controlfield tag="001">30000187</controlfield>
         <controlfield tag="003">RISM</controlfield>
         <controlfield tag="005">20160216</controlfield>
         <controlfield tag="008">160216n||az|||||||##########||||||||||||</controlfield>
         <datafield tag="040" ind1=" " ind2=" ">
            <subfield code="a">D-WRz</subfield>
         </datafield>
         <datafield tag="043" ind1=" " ind2=" ">
            <subfield code="c">XA-DE</subfield>
         </datafield>
         <datafield tag="110" ind1="2" ind2=" ">
            <subfield code="a">Klassik Stiftung Weimar, Herzogin Anna Amalia Bibliothek</subfield>
            <subfield code="c">Weimar</subfield>
            <subfield code="g">D-WRz</subfield>
         </datafield>
         <datafield tag="410" ind1="2" ind2=" ">
            <subfield code="a">Zentralbibliothek im Schloss</subfield>
         </datafield>
         <datafield tag="410" ind1="2" ind2=" ">
            <subfield code="a">Nationale Forschungs- und Gedenkstätten der Klassischen deutschen Literatur, Zentralbibliothek</subfield>
         </datafield>
         <datafield tag="410" ind1="2" ind2=" ">
            <subfield code="a">Zentralbibliothek der Deutschen Klassik</subfield>
         </datafield>
         <datafield tag="622" ind1=" " ind2=" ">
            <subfield code="e">Klassik Stiftung Weimar, Herzogin Anna,  Amalia Bibliothek, Forschungsbibliothek - Studienzentrum, Platz der Demokratie 4, 99423 Weimar, Germany</subfield>
            <subfield code="u">http://www.klassik-stiftung.de/index.php?id=37</subfield>
         </datafield>
      </record>