
      <record>
         <leader>00000nz  a2200169   4500</leader>
         <controlfield tag="001">30004176</controlfield>
         <controlfield tag="003">RISM</controlfield>
         <controlfield tag="005">20160216</controlfield>
         <controlfield tag="008">160216n||az|||||||##########||||||||||||</controlfield>
         <datafield tag="040" ind1=" " ind2=" ">
            <subfield code="a">D-WSLm</subfield>
         </datafield>
         <datafield tag="043" ind1=" " ind2=" ">
            <subfield code="c">XA-DE</subfield>
         </datafield>
         <datafield tag="110" ind1="2" ind2=" ">
            <subfield code="a">Stadtbücherei im Centrum</subfield>
            <subfield code="c">Wesel</subfield>
            <subfield code="g">D-WSLm</subfield>
         </datafield>
         <datafield tag="410" ind1="2" ind2=" ">
            <subfield code="a">Stadtbücherei, Musikbibliothek</subfield>
         </datafield>
         <datafield tag="622" ind1=" " ind2=" ">
            <subfield code="e">Stadtbücherei im Centrum, Ritterstr. 12-14, 46483 Wesel, Germany</subfield>
            <subfield code="u">http://www.wesel.de/de/dienstleistungen/stadtbuecherei/&amp;nid1=41162_41752</subfield>
         </datafield>
      </record>