
      <record>
         <leader>00000nz  a2200169   4500</leader>
         <controlfield tag="001">30003713</controlfield>
         <controlfield tag="003">RISM</controlfield>
         <controlfield tag="005">20160216</controlfield>
         <controlfield tag="008">160216n||az|||||||##########||||||||||||</controlfield>
         <datafield tag="040" ind1=" " ind2=" ">
            <subfield code="a">D-WSm</subfield>
         </datafield>
         <datafield tag="043" ind1=" " ind2=" ">
            <subfield code="c">XA-DE</subfield>
         </datafield>
         <datafield tag="110" ind1="2" ind2=" ">
            <subfield code="a">Museum Wasserburg</subfield>
            <subfield code="c">Wasserburg am Inn</subfield>
            <subfield code="g">D-WSm</subfield>
         </datafield>
         <datafield tag="410" ind1="2" ind2=" ">
            <subfield code="a">Museum der Stadt am Inn, Heimathaus</subfield>
         </datafield>
         <datafield tag="410" ind1="2" ind2=" ">
            <subfield code="a">Stadtmuseum</subfield>
         </datafield>
         <datafield tag="622" ind1=" " ind2=" ">
            <subfield code="e">Museum Wasserburg, Herrengasse 15, 83512 Wasserburg am Inn, Germany</subfield>
            <subfield code="u">http://www.wasserburg.de/de/heimatmuseum-wasserburg/</subfield>
         </datafield>
      </record>