
      <record>
         <leader>00000nz  a2200169   4500</leader>
         <controlfield tag="001">30003821</controlfield>
         <controlfield tag="003">RISM</controlfield>
         <controlfield tag="005">20160216</controlfield>
         <controlfield tag="008">160216n||az|||||||##########||||||||||||</controlfield>
         <datafield tag="040" ind1=" " ind2=" ">
            <subfield code="a">D-WSSp</subfield>
         </datafield>
         <datafield tag="043" ind1=" " ind2=" ">
            <subfield code="c">XA-DE</subfield>
         </datafield>
         <datafield tag="110" ind1="2" ind2=" ">
            <subfield code="a">Evangelische Regionalgemeinde Weißensee, Pfarrarchiv</subfield>
            <subfield code="c">Weißensee (Thüringen)</subfield>
            <subfield code="g">D-WSSp</subfield>
         </datafield>
         <datafield tag="622" ind1=" " ind2=" ">
            <subfield code="e">Evangelische Regionalgemeinde Weißensee,,  Pfarrarchiv, Kirchplatz 1, 99631 Weißensee (Thüringen), Germany</subfield>
            <subfield code="u">http://goo.gl/i8svBT</subfield>
         </datafield>
      </record>