
      <record>
         <leader>00000nz  a2200169   4500</leader>
         <controlfield tag="001">30001057</controlfield>
         <controlfield tag="003">RISM</controlfield>
         <controlfield tag="005">20160216</controlfield>
         <controlfield tag="008">160216n||az|||||||##########||||||||||||</controlfield>
         <datafield tag="040" ind1=" " ind2=" ">
            <subfield code="a">D-WÜd</subfield>
         </datafield>
         <datafield tag="043" ind1=" " ind2=" ">
            <subfield code="c">XA-DE</subfield>
         </datafield>
         <datafield tag="110" ind1="2" ind2=" ">
            <subfield code="a">Diözesanarchiv</subfield>
            <subfield code="c">Würzburg</subfield>
            <subfield code="g">D-WÜd</subfield>
         </datafield>
         <datafield tag="622" ind1=" " ind2=" ">
            <subfield code="e">Diözesanarchiv, Domerschulstraße 17, 97070 Würzburg, Germany</subfield>
            <subfield code="u">http://sgv.bistum-wuerzburg.de/</subfield>
         </datafield>
      </record>