
      <record>
         <leader>00000nz  a2200169   4500</leader>
         <controlfield tag="001">30006427</controlfield>
         <controlfield tag="003">RISM</controlfield>
         <controlfield tag="005">20160216</controlfield>
         <controlfield tag="008">160216n||az|||||||##########||||||||||||</controlfield>
         <datafield tag="040" ind1=" " ind2=" ">
            <subfield code="a">D-WUfm</subfield>
         </datafield>
         <datafield tag="043" ind1=" " ind2=" ">
            <subfield code="c">XA-DE</subfield>
         </datafield>
         <datafield tag="110" ind1="2" ind2=" ">
            <subfield code="a">Fichtelgebirgsmuseum, Bibliothek</subfield>
            <subfield code="c">Wunsiedel</subfield>
            <subfield code="g">D-WUfm</subfield>
         </datafield>
         <datafield tag="622" ind1=" " ind2=" ">
            <subfield code="e">Fichtelgebirgsmuseum, Bibliothek, Spitalhof 5, 95632 Wunsiedel, Germany</subfield>
            <subfield code="u">http://www.fichtelgebirgsmuseum.de/</subfield>
         </datafield>
      </record>