
      <record>
         <leader>00000nz  a2200169   4500</leader>
         <controlfield tag="001">30002850</controlfield>
         <controlfield tag="003">RISM</controlfield>
         <controlfield tag="005">20160216</controlfield>
         <controlfield tag="008">160216n||az|||||||##########||||||||||||</controlfield>
         <datafield tag="040" ind1=" " ind2=" ">
            <subfield code="a">D-WÜi</subfield>
         </datafield>
         <datafield tag="043" ind1=" " ind2=" ">
            <subfield code="c">XA-DE</subfield>
         </datafield>
         <datafield tag="110" ind1="2" ind2=" ">
            <subfield code="a">Katholisches Pfarramt St. Joseph</subfield>
            <subfield code="c">Würzburg</subfield>
            <subfield code="g">D-WÜi</subfield>
         </datafield>
         <datafield tag="410" ind1="2" ind2=" ">
            <subfield code="a">Iphofener Musikbestände</subfield>
         </datafield>
         <datafield tag="622" ind1=" " ind2=" ">
            <subfield code="e">Katholisches Pfarramt St. Joseph, Matterstocksstr. 39, 97080 Würzburg, Germany</subfield>
            <subfield code="u">http://www.st-josef-grombuehl.de/index.html</subfield>
         </datafield>
      </record>