
      <record>
         <leader>00000nz  a2200169   4500</leader>
         <controlfield tag="001">30001058</controlfield>
         <controlfield tag="003">RISM</controlfield>
         <controlfield tag="005">20160216</controlfield>
         <controlfield tag="008">160216n||az|||||||##########||||||||||||</controlfield>
         <datafield tag="040" ind1=" " ind2=" ">
            <subfield code="a">D-WÜms</subfield>
         </datafield>
         <datafield tag="043" ind1=" " ind2=" ">
            <subfield code="c">XA-DE</subfield>
         </datafield>
         <datafield tag="110" ind1="2" ind2=" ">
            <subfield code="a">Institut für Musikforschung, Teilbibliothek Musik</subfield>
            <subfield code="c">Würzburg</subfield>
            <subfield code="g">D-WÜms</subfield>
         </datafield>
         <datafield tag="410" ind1="2" ind2=" ">
            <subfield code="a">Musikwissenschaftliches Seminar der Bayerischen Julius-Maximilians-Universität</subfield>
         </datafield>
         <datafield tag="622" ind1=" " ind2=" ">
            <subfield code="e">Institut für Musikforschung,,  Teilbibliothek Musik, Domerschulstraße 13, 97070 Würzburg, Germany</subfield>
            <subfield code="u">http://www.musikwissenschaft.uni-wuerzburg.de/no_cache/startseite/</subfield>
         </datafield>
      </record>