
      <record>
         <leader>00000nz  a2200169   4500</leader>
         <controlfield tag="001">30001059</controlfield>
         <controlfield tag="003">RISM</controlfield>
         <controlfield tag="005">20160216</controlfield>
         <controlfield tag="008">160216n||az|||||||##########||||||||||||</controlfield>
         <datafield tag="040" ind1=" " ind2=" ">
            <subfield code="a">D-WÜp</subfield>
         </datafield>
         <datafield tag="043" ind1=" " ind2=" ">
            <subfield code="c">XA-DE</subfield>
         </datafield>
         <datafield tag="110" ind1="2" ind2=" ">
            <subfield code="a">Priesterseminar, Bibliothek</subfield>
            <subfield code="c">Würzburg</subfield>
            <subfield code="g">D-WÜp</subfield>
         </datafield>
         <datafield tag="622" ind1=" " ind2=" ">
            <subfield code="e">Priesterseminar, Bibliothek, Domerschulstraße 18, 97070 Würzburg, Germany</subfield>
            <subfield code="u">http://www.priesterseminar-wuerzburg.de/</subfield>
         </datafield>
      </record>