
      <record>
         <leader>00000nz  a2200169   4500</leader>
         <controlfield tag="001">30004180</controlfield>
         <controlfield tag="003">RISM</controlfield>
         <controlfield tag="005">20160216</controlfield>
         <controlfield tag="008">160216n||az|||||||##########||||||||||||</controlfield>
         <datafield tag="040" ind1=" " ind2=" ">
            <subfield code="a">D-WÜsb</subfield>
         </datafield>
         <datafield tag="043" ind1=" " ind2=" ">
            <subfield code="c">XA-DE</subfield>
         </datafield>
         <datafield tag="110" ind1="2" ind2=" ">
            <subfield code="a">Stadtbücherei, Musikabteilung</subfield>
            <subfield code="c">Würzburg</subfield>
            <subfield code="g">D-WÜsb</subfield>
         </datafield>
         <datafield tag="410" ind1="2" ind2=" ">
            <subfield code="a">Max-Heim-Bücherei</subfield>
         </datafield>
         <datafield tag="622" ind1=" " ind2=" ">
            <subfield code="e">Stadtbücherei, Musikabteilung, Haus zum Falken, Marktplatz 9, 97076  Würzburg, Germany</subfield>
            <subfield code="u">http://www.wuerzburg.de/de/buerger/stadtbuecherei/index.html</subfield>
         </datafield>
      </record>