
      <record>
         <leader>00000nz  a2200169   4500</leader>
         <controlfield tag="001">30006241</controlfield>
         <controlfield tag="003">RISM</controlfield>
         <controlfield tag="005">20160216</controlfield>
         <controlfield tag="008">160216n||az|||||||##########||||||||||||</controlfield>
         <datafield tag="040" ind1=" " ind2=" ">
            <subfield code="a">D-WWW</subfield>
         </datafield>
         <datafield tag="043" ind1=" " ind2=" ">
            <subfield code="c">XA-DE</subfield>
         </datafield>
         <datafield tag="110" ind1="2" ind2=" ">
            <subfield code="a">Schloss Wolfegg, Musikarchiv der Fürsten zu Waldburg-Wolfegg-Waldsee</subfield>
            <subfield code="c">Wolfegg</subfield>
            <subfield code="g">D-WWW</subfield>
         </datafield>
         <datafield tag="622" ind1=" " ind2=" ">
            <subfield code="e">Schloss Wolfegg, Musikarchiv der Fürsten,  zu Waldburg-Wolfegg-Waldsee, Schloss 1, 88364 Wolfegg, Germany</subfield>
            <subfield code="u">http://www.wolfegg.de/index.php?id=130</subfield>
         </datafield>
      </record>