
      <record>
         <leader>00000nz  a2200169   4500</leader>
         <controlfield tag="001">30001062</controlfield>
         <controlfield tag="003">RISM</controlfield>
         <controlfield tag="005">20160216</controlfield>
         <controlfield tag="008">160216n||az|||||||##########||||||||||||</controlfield>
         <datafield tag="040" ind1=" " ind2=" ">
            <subfield code="a">D-X</subfield>
         </datafield>
         <datafield tag="043" ind1=" " ind2=" ">
            <subfield code="c">XA-DE</subfield>
         </datafield>
         <datafield tag="110" ind1="2" ind2=" ">
            <subfield code="a">Stiftsmuseum, -archiv und -bibliothek Xanten</subfield>
            <subfield code="c">Xanten</subfield>
            <subfield code="g">D-X</subfield>
         </datafield>
         <datafield tag="410" ind1="2" ind2=" ">
            <subfield code="a">Stifts- und Pfarrbibliothek</subfield>
         </datafield>
         <datafield tag="410" ind1="2" ind2=" ">
            <subfield code="a">Stiftsarchiv</subfield>
         </datafield>
         <datafield tag="410" ind1="2" ind2=" ">
            <subfield code="a">Stiftsbibliothek</subfield>
         </datafield>
         <datafield tag="622" ind1=" " ind2=" ">
            <subfield code="e">Stiftsmuseum, -archiv und -bibliothek,  Xanten, Kapitel 21, 46509 Xanten, Germany</subfield>
            <subfield code="u">http://www.stiftsmuseum-xanten.de/startseite/</subfield>
         </datafield>
      </record>