
      <record>
         <leader>00000nz  a2200169   4500</leader>
         <controlfield tag="001">30006021</controlfield>
         <controlfield tag="003">RISM</controlfield>
         <controlfield tag="005">20160216</controlfield>
         <controlfield tag="008">160216n||az|||||||##########||||||||||||</controlfield>
         <datafield tag="040" ind1=" " ind2=" ">
            <subfield code="a">D-ZEif</subfield>
         </datafield>
         <datafield tag="043" ind1=" " ind2=" ">
            <subfield code="c">XA-DE</subfield>
         </datafield>
         <datafield tag="110" ind1="2" ind2=" ">
            <subfield code="a">Internationale Fasch-Gesellschaft</subfield>
            <subfield code="c">Zerbst/Anhalt</subfield>
            <subfield code="g">D-ZEif</subfield>
         </datafield>
         <datafield tag="622" ind1=" " ind2=" ">
            <subfield code="e">Internationale Fasch-Gesellschaft, Wiekhaus, Breitestein 74A, 39251 Zerbst/Anhalt, Germany</subfield>
            <subfield code="u">http://www.fasch.net/</subfield>
         </datafield>
      </record>