
      <record>
         <leader>00000nz  a2200169   4500</leader>
         <controlfield tag="001">30002954</controlfield>
         <controlfield tag="003">RISM</controlfield>
         <controlfield tag="005">20160216</controlfield>
         <controlfield tag="008">160216n||az|||||||##########||||||||||||</controlfield>
         <datafield tag="040" ind1=" " ind2=" ">
            <subfield code="a">D-ZEk</subfield>
         </datafield>
         <datafield tag="043" ind1=" " ind2=" ">
            <subfield code="c">XA-DE</subfield>
         </datafield>
         <datafield tag="110" ind1="2" ind2=" ">
            <subfield code="a">Archiv der Evangelischen Kirchengemeinde St. Trinitatis</subfield>
            <subfield code="c">Zerbst/Anhalt</subfield>
            <subfield code="g">D-ZEk</subfield>
         </datafield>
         <datafield tag="622" ind1=" " ind2=" ">
            <subfield code="e">Archiv der Evangelischen Kirchengemeinde,  St. Trinitatis, Pfarramt, Rennstraße 7/9, 39261 Zerbst/Anhalt, Germany</subfield>
            <subfield code="u">http://www.kirchenkreis-zerbst.de/pfarramt-st-trinitatis-zerbst</subfield>
         </datafield>
      </record>