
      <record>
         <leader>00000nz  a2200169   4500</leader>
         <controlfield tag="001">30000111</controlfield>
         <controlfield tag="003">RISM</controlfield>
         <controlfield tag="005">20160216</controlfield>
         <controlfield tag="008">160216n||az|||||||##########||||||||||||</controlfield>
         <datafield tag="040" ind1=" " ind2=" ">
            <subfield code="a">D-ZEo</subfield>
         </datafield>
         <datafield tag="043" ind1=" " ind2=" ">
            <subfield code="c">XA-DE</subfield>
         </datafield>
         <datafield tag="110" ind1="2" ind2=" ">
            <subfield code="a">Francisceumsbibliothek</subfield>
            <subfield code="c">Zerbst/Anhalt</subfield>
            <subfield code="g">D-ZEo</subfield>
         </datafield>
         <datafield tag="410" ind1="2" ind2=" ">
            <subfield code="a">Gymnasium Francisceum, Bibliothek</subfield>
         </datafield>
         <datafield tag="410" ind1="2" ind2=" ">
            <subfield code="a">Erweiterte Oberschule Albert Kuntz, Bücherei</subfield>
         </datafield>
         <datafield tag="622" ind1=" " ind2=" ">
            <subfield code="e">Francisceumsbibliothek, Weinberg 1, 39261 Zerbst/Anhalt, Germany</subfield>
            <subfield code="u">http://www.briseinfo.de/opac/opac.asp?bibliothek=Zerbst_F</subfield>
         </datafield>
      </record>