
      <record>
         <leader>00000nz  a2200169   4500</leader>
         <controlfield tag="001">30001326</controlfield>
         <controlfield tag="003">RISM</controlfield>
         <controlfield tag="005">20160216</controlfield>
         <controlfield tag="008">160216n||az|||||||##########||||||||||||</controlfield>
         <datafield tag="040" ind1=" " ind2=" ">
            <subfield code="a">D-ZEU</subfield>
         </datafield>
         <datafield tag="043" ind1=" " ind2=" ">
            <subfield code="c">XA-DE</subfield>
         </datafield>
         <datafield tag="110" ind1="2" ind2=" ">
            <subfield code="a">Pfarrarchiv</subfield>
            <subfield code="c">Zeutsch (Uhlstädt-Kirchhasel)</subfield>
            <subfield code="g">D-ZEU</subfield>
         </datafield>
         <datafield tag="622" ind1=" " ind2=" ">
            <subfield code="e">Pfarrarchiv, c/o Ev.-luth. Pfarramt Heilingen, Heilingen 42, 07407 Uhlstädt-Kirchhasel, Germany</subfield>
            <subfield code="u">http://goo.gl/K7fjxO</subfield>
         </datafield>
      </record>