
      <record>
         <leader>00000nz  a2200169   4500</leader>
         <controlfield tag="001">30002851</controlfield>
         <controlfield tag="003">RISM</controlfield>
         <controlfield tag="005">20160216</controlfield>
         <controlfield tag="008">160216n||az|||||||##########||||||||||||</controlfield>
         <datafield tag="040" ind1=" " ind2=" ">
            <subfield code="a">D-ZGh</subfield>
         </datafield>
         <datafield tag="043" ind1=" " ind2=" ">
            <subfield code="c">XA-DE</subfield>
         </datafield>
         <datafield tag="110" ind1="2" ind2=" ">
            <subfield code="a">Heimatmuseum im Schloss</subfield>
            <subfield code="c">Zörbig</subfield>
            <subfield code="g">D-ZGh</subfield>
         </datafield>
         <datafield tag="622" ind1=" " ind2=" ">
            <subfield code="e">Heimatmuseum im Schloss, Am Schloss 10, 06780 Zörbig, Germany</subfield>
            <subfield code="u">http://www.heimatmuseum-zoerbig.de/</subfield>
         </datafield>
      </record>