
      <record>
         <leader>00000nz  a2200169   4500</leader>
         <controlfield tag="001">30002956</controlfield>
         <controlfield tag="003">RISM</controlfield>
         <controlfield tag="005">20160216</controlfield>
         <controlfield tag="008">160216n||az|||||||##########||||||||||||</controlfield>
         <datafield tag="040" ind1=" " ind2=" ">
            <subfield code="a">D-ZGsm</subfield>
         </datafield>
         <datafield tag="043" ind1=" " ind2=" ">
            <subfield code="c">XA-DE</subfield>
         </datafield>
         <datafield tag="110" ind1="2" ind2=" ">
            <subfield code="a">Evangelisches Pfarramt St. Mauritius</subfield>
            <subfield code="c">Zörbig</subfield>
            <subfield code="g">D-ZGsm</subfield>
         </datafield>
         <datafield tag="622" ind1=" " ind2=" ">
            <subfield code="e">Evangelisches Pfarramt St. Mauritius, Topfmarkt 1, 06780 Zörbig, Germany</subfield>
            <subfield code="u">http://www.kirchenkreis-wittenberg.de/kirchenkreis/pfarrstellen/zoerbig/</subfield>
         </datafield>
      </record>