
      <record>
         <leader>00000nz  a2200169   4500</leader>
         <controlfield tag="001">30001063</controlfield>
         <controlfield tag="003">RISM</controlfield>
         <controlfield tag="005">20160216</controlfield>
         <controlfield tag="008">160216n||az|||||||##########||||||||||||</controlfield>
         <datafield tag="040" ind1=" " ind2=" ">
            <subfield code="a">D-ZL</subfield>
         </datafield>
         <datafield tag="043" ind1=" " ind2=" ">
            <subfield code="c">XA-DE</subfield>
         </datafield>
         <datafield tag="110" ind1="2" ind2=" ">
            <subfield code="a">Fürstlich Waldburg-Zeilsches Archiv</subfield>
            <subfield code="c">Leutkirch im Allgäu</subfield>
            <subfield code="g">D-ZL</subfield>
         </datafield>
         <datafield tag="622" ind1=" " ind2=" ">
            <subfield code="e">Fürstlich Waldburg-Zeilsches Archiv, Waldburg-Zeil Hauptverwaltung, Untere Grabenstr. 39, 88299 Leutkirch im Allgäu, Germany</subfield>
            <subfield code="u">http://www.schlosszeil.de</subfield>
         </datafield>
      </record>