
      <record>
         <leader>00000nz  a2200169   4500</leader>
         <controlfield tag="001">30076104</controlfield>
         <controlfield tag="003">RISM</controlfield>
         <controlfield tag="005">20160216</controlfield>
         <controlfield tag="008">160216n||az|||||||##########||||||||||||</controlfield>
         <datafield tag="040" ind1=" " ind2=" ">
            <subfield code="a">D-ZS</subfield>
         </datafield>
         <datafield tag="043" ind1=" " ind2=" ">
            <subfield code="c">XA-DE</subfield>
         </datafield>
         <datafield tag="110" ind1="2" ind2=" ">
            <subfield code="a">Evangelisch-Lutherisches Pfarramt Zschopau, Kantoreiarchiv</subfield>
            <subfield code="c">Zschopau</subfield>
            <subfield code="g">D-ZS</subfield>
         </datafield>
         <datafield tag="410" ind1="2" ind2=" ">
            <subfield code="a">St. Martinskirche</subfield>
         </datafield>
         <datafield tag="622" ind1=" " ind2=" ">
            <subfield code="e">Evangelisch-Lutherisches Pfarramt,  Zschopau, Kantoreiarchiv, Pfarrgäßchen 1, 09405 Zschopau, Germany</subfield>
            <subfield code="u">http://www.kirche-zschopau.de/</subfield>
         </datafield>
      </record>