
      <record>
         <leader>00000nz  a2200169   4500</leader>
         <controlfield tag="001">30003957</controlfield>
         <controlfield tag="003">RISM</controlfield>
         <controlfield tag="005">20160216</controlfield>
         <controlfield tag="008">160216n||az|||||||##########||||||||||||</controlfield>
         <datafield tag="040" ind1=" " ind2=" ">
            <subfield code="a">D-Zsa</subfield>
         </datafield>
         <datafield tag="043" ind1=" " ind2=" ">
            <subfield code="c">XA-DE</subfield>
         </datafield>
         <datafield tag="110" ind1="2" ind2=" ">
            <subfield code="a">Stadtarchiv</subfield>
            <subfield code="c">Zwickau</subfield>
            <subfield code="g">D-Zsa</subfield>
         </datafield>
         <datafield tag="622" ind1=" " ind2=" ">
            <subfield code="e">Stadtarchiv, Lessingstraße 1, 08058 Zwickau, Germany</subfield>
            <subfield code="u">http://goo.gl/XMS3Qn</subfield>
         </datafield>
      </record>