
      <record>
         <leader>00000nz  a2200169   4500</leader>
         <controlfield tag="001">30001064</controlfield>
         <controlfield tag="003">RISM</controlfield>
         <controlfield tag="005">20160216</controlfield>
         <controlfield tag="008">160216n||az|||||||##########||||||||||||</controlfield>
         <datafield tag="040" ind1=" " ind2=" ">
            <subfield code="a">D-ZW</subfield>
         </datafield>
         <datafield tag="043" ind1=" " ind2=" ">
            <subfield code="c">XA-DE</subfield>
         </datafield>
         <datafield tag="110" ind1="2" ind2=" ">
            <subfield code="a">Bibliotheca Bipontina, Landesbibliothekszentrum</subfield>
            <subfield code="c">Zweibrücken</subfield>
            <subfield code="g">D-ZW</subfield>
         </datafield>
         <datafield tag="622" ind1=" " ind2=" ">
            <subfield code="e">Bibliotheca Bipontina,,  Landesbibliothekszentrum, Bleicherstraße 3, 66482 Zweibrücken, Germany</subfield>
            <subfield code="u">http://lbz.rlp.de/ueber-uns/standorte/bibliotheca-bipontina/</subfield>
         </datafield>
      </record>