
      <record>
         <leader>00000nz  a2200169   4500</leader>
         <controlfield tag="001">30001331</controlfield>
         <controlfield tag="003">RISM</controlfield>
         <controlfield tag="005">20160216</controlfield>
         <controlfield tag="008">160216n||az|||||||##########||||||||||||</controlfield>
         <datafield tag="040" ind1=" " ind2=" ">
            <subfield code="a">D-ZZmi</subfield>
         </datafield>
         <datafield tag="043" ind1=" " ind2=" ">
            <subfield code="c">XA-DE</subfield>
         </datafield>
         <datafield tag="110" ind1="2" ind2=" ">
            <subfield code="a">Michaeliskirche, Bibliothek</subfield>
            <subfield code="c">Zeitz</subfield>
            <subfield code="g">D-ZZmi</subfield>
         </datafield>
         <datafield tag="622" ind1=" " ind2=" ">
            <subfield code="e">Michaeliskirche, Bibliothek, Evangelische Kirchgemeinde St. Michael -,  Gemeindebüro, Michaeliskirchhof 11, 06712 Zeitz, Germany</subfield>
         </datafield>
      </record>