
      <record>
         <leader>00000nz  a2200169   4500</leader>
         <controlfield tag="001">30001332</controlfield>
         <controlfield tag="003">RISM</controlfield>
         <controlfield tag="005">20160216</controlfield>
         <controlfield tag="008">160216n||az|||||||##########||||||||||||</controlfield>
         <datafield tag="040" ind1=" " ind2=" ">
            <subfield code="a">D-ZZnik</subfield>
         </datafield>
         <datafield tag="043" ind1=" " ind2=" ">
            <subfield code="c">XA-DE</subfield>
         </datafield>
         <datafield tag="110" ind1="2" ind2=" ">
            <subfield code="a">Nikolaikirche, Bibliothek</subfield>
            <subfield code="c">Zeitz</subfield>
            <subfield code="g">D-ZZnik</subfield>
         </datafield>
         <datafield tag="410" ind1="2" ind2=" ">
            <subfield code="a">St. Nicolai, Bibliothek</subfield>
         </datafield>
         <datafield tag="622" ind1=" " ind2=" ">
            <subfield code="e">Nikolaikirche, Bibliothek, Evangelische Kirchgemeinde St.,  Stephan-Nicolai - Gemeindebüro, Geraer Str. 8, 06712 Zeitz, Germany</subfield>
         </datafield>
      </record>