
      <record>
         <leader>00000nz  a2200169   4500</leader>
         <controlfield tag="001">30003771</controlfield>
         <controlfield tag="003">RISM</controlfield>
         <controlfield tag="005">20160216</controlfield>
         <controlfield tag="008">160216n||az|||||||##########||||||||||||</controlfield>
         <datafield tag="040" ind1=" " ind2=" ">
            <subfield code="a">D-ZZsa</subfield>
         </datafield>
         <datafield tag="043" ind1=" " ind2=" ">
            <subfield code="c">XA-DE</subfield>
         </datafield>
         <datafield tag="110" ind1="2" ind2=" ">
            <subfield code="a">Stadtarchiv</subfield>
            <subfield code="c">Zeitz</subfield>
            <subfield code="g">D-ZZsa</subfield>
         </datafield>
         <datafield tag="622" ind1=" " ind2=" ">
            <subfield code="e">Stadtarchiv, Schloss Moritzburg, Schlossstr. 6, 06712 Zeitz, Germany</subfield>
            <subfield code="u">http://www.zeitz.de/de/stadtarchiv.html</subfield>
         </datafield>
      </record>