
      <record>
         <leader>00000nz  a2200169   4500</leader>
         <controlfield tag="001">30003757</controlfield>
         <controlfield tag="003">RISM</controlfield>
         <controlfield tag="005">20160216</controlfield>
         <controlfield tag="008">160216n||az|||||||##########||||||||||||</controlfield>
         <datafield tag="040" ind1=" " ind2=" ">
            <subfield code="a">D-ZZsg</subfield>
         </datafield>
         <datafield tag="043" ind1=" " ind2=" ">
            <subfield code="c">XA-DE</subfield>
         </datafield>
         <datafield tag="110" ind1="2" ind2=" ">
            <subfield code="a">Geschwister-Scholl-Gymnasium, Bibliothek</subfield>
            <subfield code="c">Zeitz</subfield>
            <subfield code="g">D-ZZsg</subfield>
         </datafield>
         <datafield tag="622" ind1=" " ind2=" ">
            <subfield code="e">Geschwister-Scholl-Gymnasium, Bibliothek, Haus 1, Humboldtstr. 7, 06712 Zeitz, Germany</subfield>
            <subfield code="u">http://www.gsg-zeitz.de/</subfield>
         </datafield>
      </record>
   </collection>

